2859 4334
330 1198 453 1255 Ino1r>1r
466 1212 546 1254 omn
562 1212 766 1255 sinomssm
778 1198 956 1254 coensium
969 1208 1117 1258 Assume,
1130 1206 1193 1249 sus
1214 1204 1281 1257 ouo

400 1288 528 1342 Burnus
541 1288 632 1342 Bnon
644 1300 797 1342 nnsmuu
807 1299 962 1341 nunonem
974 1297 1116 1340 ennom
1132 1293 1281 1336 nemoro-

400 1389 461 1441 rus,
483 1389 522 1429 nn
550 1389 627 1430 eosr
653 1388 753 1431 omos
785 1388 910 1430 onmnsr
938 1387 1000 1428 ruo
1031 1384 1164 1427 numus
1185 1382 1282 1425 onum

399 1478 570 1518 nssnmnnn
594 1477 730 1518 nnnusnr
751 1476 921 1517 remenso
933 1473 1134 1517 snmormrm
1141 1456 1159 1514 ¹.

366 1652 388 1691 1.
408 1635 584 1693 Pennomru
612 1636 757 1707 apostolus
783 1635 894 1699 Paulus,
924 1634 1051 1690 scribens
1076 1633 1114 1689 nd
1142 1630 1278 1692 Hebreos.

329 1724 520 1781 ‘Mementote
532 1721 759 1795 praepositorum
775 1727 928 1784 uestorum.
944 1721 993 1793 qui
1005 1721 1095 1777 locuti
1112 1724 1179 1775 sunt
1192 1718 1278 1775 uobis
1296 1730 1373 1800 trebi.

327 1813 446 1869 uerbum
460 1812 520 1879 Dei,
534 1830 652 1881 quorum
665 1812 810 1868 intuentes
822 1811 931 1868 exitum
946 1808 1169 1867 conuersationis
1181 1808 1280 1863 imito-
1297 1803 1351 1835 m
1363 1804 1382 1843 7·

328 1899 399 1955 mini
425 1901 544 1969 fidem’;
572 1902 647 1957 unde
671 1900 783 1971 liquido
818 1901 822 1971 i
853 1902 936 1970 petet
959 1899 1028 1969 quie
1051 1897 1160 1968 optime
1184 1896 1280 1967 agitis,
1298 1908 1353 1952 tn
1366 1910 1390 1951 u

328 1987 474 2055 carissimi,
502 1987 626 2045 iubendo
651 1988 687 2044 ds
718 1988 859 2045 memorie
883 1985 1108 2043 reuerentissimi
1131 1984 1223 2055 pet-ris
1249 1988 1282 2039 et

326 2075 483 2145 praepositi
496 2075 586 2130 nostri
599 2074 746 2143 Ceolfridi
756 2075 805 2145 qui
817 2075 930 2130 loeutus
939 2077 983 2131 est
996 2072 1078 2129 nobis
1085 2072 1205 2128 uerbum
1218 2070 1281 2133 Dei,

325 2163 387 2217 fieri
399 2180 566 2219 sermonem.
603 2162 672 2219 Erat
691 2162 768 2219 enim
786 2180 888 2219 reuera
900 2162 969 2218 talis
985 2161 1065 2217 cuius
1081 2161 1140 2217 Deo
1157 2160 1282 2216 denotas

325 2250 549 2307 conuersationis
560 2268 618 2306 non
631 2251 722 2307 solum
735 2250 835 2316 exitus,
845 2251 894 2307 sed
903 2254 933 2306 et
942 2250 1076 2305 introitus
1085 2252 1115 2304 et
1124 2266 1281 2319 processus.

325 2338 363 2393 sit
381 2338 443 2395 iure
462 2339 630 2409 sequendus,
647 2338 728 2394 ouius
746 2338 813 2396 fidei
828 2356 887 2394 non
900 2338 984 2395 fietne
1000 2338 1038 2393 sit
1054 2336 1198 2392 imitando
1214 2353 1281 2391 eon·

326 2426 443 2482 stantis.

361 2530 385 2569 2.
404 2514 553 2569 Nobilibus
565 2514 671 2585 quippe
684 2532 718 2570 ae
731 2513 872 2585 religiosis
886 2513 980 2570 editus
994 2512 1162 2585 perentibus
1173 2516 1205 2569 et
1217 2511 1280 2583 ipse

324 2620 342 2657 a
358 2600 456 2672 primis
473 2601 615 2672 pueritiae
634 2601 719 2657 unnis
739 2600 882 2657 uirtutum
902 2602 997 2657 studio
1018 2600 1143 2669 deditus,
1164 2601 1216 2656 nbi
1230 2618 1281 2657 oc·

324 2693 426 2745 tanum
444 2690 532 2746 ferme
551 2693 581 2745 et
601 2690 743 2745 decimum
763 2691 868 2761 egebat
887 2707 995 2745 onnurn
1012 2689 1123 2753 aetatis
1148 2689 1284 2759 deponito

324 2776 426 2832 habitu
443 2776 582 2834 soeculari
600 2778 756 2833 monachus
770 2778 831 2833 fieri
849 2778 960 2847 moluit,
972 2778 1152 2847 intrauitque
1168 2795 1284 2833 monas·

325 2864 439 2933 terium,
461 2865 536 2934 quod
554 2863 681 2935 positum
706 2865 737 2919 in
758 2864 830 2931 loeo,
849 2866 898 2935 qui
921 2865 1027 2921 dieitur
1047 2865 1282 2936 Ingaetlingnm'.

325 2951 474 3022 religiosus
493 2970 525 3007 so
541 2952 601 3008 Deo
621 2953 755 3008 amabilis
772 2953 862 3009 frater
877 2953 938 3009 eius
953 2951 1142 3023 Cynefridus⁸
1161 2958 1284 3014 renent

325 3038 373 3093 sed
387 3056 443 3093 non
456 3039 580 3095 multum
591 3044 658 3096 onte
672 3040 816 3097 'Punberto
827 3040 838 3071 ⁴
849 3044 972 3113 cognato
984 3041 1112 3111 ipsorum
1123 3041 1285 3113 regendum

325 3128 513 3193 commiserat,
531 3128 580 3198 qui
600 3132 702 3198 postea
722 3128 962 3200 Hagustnidensis
981 3128 1136 3186 aecclesiae
1158 3129 1284 3185 onustes

325 3215 472 3270 ordinatus
507 3220 566 3281 est;
613 3216 674 3287 ipse
711 3216 909 3273 discendarum
946 3218 1041 3274 studio
1077 3218 1284 3288 seripturarum

326 3301 492 3359 Hiberniam
505 3304 646 3373 secedens,
659 3304 745 3359 simul
764 3309 795 3361 et
812 3305 954 3362 desiderio
972 3306 1091 3362 liberius
1107 3305 1233 3361 Domino
1252 3306 1286 3361 in

324 3389 450 3444 lacrimis
463 3392 649 3462 precibusque
662 3392 817 3449 seruiendi.

361 3492 385 3544 3.
404 3477 513 3535 Deuote
526 3478 616 3551 igitur
628 3485 777 3550 susceptus
786 3499 804 3536 a
815 3482 946 3551 praefato
959 3485 1083 3553 cognato
1095 3499 1148 3537 suo
1160 3481 1286 3537 ceolfri-

325 3563 377 3618 dus
395 3564 524 3622 deuotius
543 3570 586 3622 est
603 3566 665 3637 ipse
684 3573 887 3638 oonuemotus3
911 3569 1042 3637 lectioni,
1060 3569 1232 3640 operationi,
1251 3576 1287 3626 et

357 3750 366 3779 ¹
382 3753 500 3817 incipitu
509 3756 548 3805 ita
559 3758 646 3806 saneti
658 3757 783 3808 ceolfridi
794 3759 900 3809 obbatis
911 3762 934 3811 δ.
956 3763 980 3810 Δ
992 3766 1136 3810 munte
1146 3766 1203 3811 m.
1213 3766 1284 3809 tud

323 3832 401 3878 sads:
417 3833 530 3882 authors
542 3834 610 3884 boda
622 3836 665 3885 uel
678 3837 828 3888 humberto
840 3838 925 3889 doiro.
998 3838 1009 3867 ²
1024 3841 1080 3903 get·
1093 3841 1116 3890 δ.
1190 3840 1201 3869 ¹
1217 3840 1285 3890 kin·

324 3904 412 3957 fridus
422 3909 445 3959 t.
508 3910 518 3939 ⁴
534 3914 691 3964 tumberhto
700 3916 725 3966 t.
