2859 4334
29 305 31 318 .
120 267 289 334 cmxxu]
420 259 536 326 Gentis
558 262 763 348 Acglorum.
1006 266 1068 329 173

117 434 155 494 ad
180 454 214 494 se
236 434 270 494 in
293 433 506 496 ministerium
530 437 736 498 ordinationis
763 437 834 498 aliis
861 438 983 499 duobus
1009 438 1071 517 epi·

118 533 226 610 scopis
266 532 327 609 Qui
347 537 470 611 accepto
488 536 584 613 gradu
606 537 801 614 episcopatus
825 537 918 598 rediit
941 539 981 598 ad
1002 535 1069 614 pro·

118 631 266 708 uinctam,
284 635 316 693 et
329 631 447 693 maiore
466 634 650 694 auctoritate
671 639 816 713 coeptum
833 656 912 712 opus
928 637 1066 714 explens.

118 729 193 790 fecit
213 751 271 808 per
293 730 360 792 loca
380 732 531 808 ecclesias,
553 734 753 812 presbyteros
773 739 806 796 et
827 735 972 796 diaconos
993 736 1071 796 ordi·

116 829 215 906 nouit,
239 829 294 907 qui
322 850 355 890 se
377 831 412 891 in
434 831 529 892 uerbo
549 833 624 892 fidei
645 836 677 893 et
697 833 873 894 ministerio
894 833 1071 911 baptizandi

115 927 310 1002 adiuuarent,
327 928 464 990 maxime
483 929 516 990 in
533 931 666 1006 ciuitate,
685 952 764 1009 quae
784 932 893 1010 lingua
911 933 1070 992 Saxonum

116 1025 355 1088 Ythancaestir¹
372 1029 552 1106 appellatur,
569 1030 623 1089 sed
638 1035 670 1090 et
682 1030 718 1090 in
731 1031 795 1106 illa,
809 1051 888 1107 quas
902 1028 1070 1106 'lilabmg'

115 1125 375 1202 cognominatum
397 1147 531 1204 quorum
545 1129 630 1205 prior
642 1129 730 1189 locus
746 1131 842 1190 estin
856 1129 923 1207 ripa
941 1129 1070 1190 Pentas'

114 1225 227 1300 amnis,
245 1226 399 1286 secundus
412 1226 447 1286 in
461 1229 529 1304 ripa
543 1228 712 1288 'tamensis
747 1228 789 1288 In
804 1229 925 1305 quibus,
942 1230 1071 1290 collecto

115 1324 259 1384 examine
269 1324 459 1385 famulorum
470 1325 595 1401 Christi,
608 1326 805 1404 disciplinam
816 1328 899 1388 uitae
910 1327 1067 1406 regularis,

115 1422 148 1482 in
171 1425 327 1500 quantum
351 1425 444 1484 rudes
465 1424 566 1484 adhuc
589 1445 698 1502 capere
717 1429 870 1504 poterant,
897 1427 1069 1487 custodiri‘

115 1522 229 1582 docuit

155 1622 299 1698 Cumque
321 1625 460 1699 tempore
482 1642 546 1682 non
567 1643 664 1700 pauco
685 1623 721 1683 in
742 1625 879 1701 praefata
899 1624 1067 1702 prouincia,
1080 1627 1228 1710 'mounes

114 1720 273 1797 gaudente
300 1740 379 1798 rege,
410 1722 623 1800 congaudente
656 1722 805 1783 uniuerso
831 1724 955 1800 populo,
986 1723 1070 1784 uitae
1087 1700 1192 1756 ⁵¹⁸b⁰m

114 1818 259 1878 caelestis
282 1818 439 1880 institutio
467 1820 658 1880 cotidianum
686 1823 824 1881 sumeret
850 1826 1066 1897 augmentum,

29 1937 58 1962 ³2·
114 1917 249 1994 contigit
272 1918 375 1994 ipsum
400 1937 505 1996 regem
532 1918 701 1996 instigante
729 1920 873 1980 omnium
892 1917 895 1999 t
914 1920 1069 1980 bonoram

113 2016 254 2092 inimico,
271 2019 518 2096 propinquorum
532 2039 661 2079 suorum
674 2039 771 2080 manu
785 2019 927 2081 interfici
970 2019 1071 2080 Erant

113 2119 223 2176 autem
239 2115 300 2176 duo
319 2117 459 2194 germani
473 2117 592 2193 fratres,
609 2118 665 2196 qui
678 2117 737 2178 hoc
750 2119 872 2179 facinus
885 2120 1049 2196 patrarunt
1061 2139 1069 2193 ;

113 2215 258 2292 quicum
272 2215 543 2293 interrogarentur,
560 2237 655 2294 quare
675 2216 735 2278 hoc
756 2217 899 2292 facerent,
917 2217 964 2277 nil
984 2217 1069 2278 aliud

112 2314 303 2392 respondere
323 2318 500 2392 potuerunt,
518 2315 580 2376 nisi
601 2315 661 2376 ob³
674 2316 733 2377 hoc
753 2335 787 2375 se
806 2317 903 2376 iratos
921 2315 1019 2376 fuisse
1039 2318 1071 2376 et

111 2414 262 2476 inimicos
283 2415 357 2493 regi,
374 2417 456 2492 quod
476 2415 531 2476 ille
552 2415 686 2476 nimium
709 2414 775 2475 suis
794 2435 918 2492 parcere
938 2406 1070 2474 soleret⁶

109 2514 261 2590 inimicis,
287 2517 318 2574 st
339 2514 436 2575 factes
457 2514 496 2574 ab
518 2514 563 2576 eis
584 2513 715 2574 iniurias
736 2533 810 2574 mox
835 2513 1071 2575 obsecrantibus

108 2613 238 2692 placida
256 2615 362 2672 mente
378 2612 558 2675 dimitteret.
604 2613 688 2673 Talis
709 2615 777 2673 erat
796 2612 888 2690 culpa
906 2612 996 2690 regis,
1013 2632 1070 2689 pro

108 2733 177 2791 qua
204 2711 403 2786 occideretur,
434 2712 517 2788 quod
552 2711 732 2788 euangelica
766 2714 928 2789 praecepta
957 2712 1071 2772 deuote

108 2810 207 2872 corde
230 2813 376 2872 seruaret.
432 2809 473 2870 In
497 2831 557 2887 qua
582 2813 688 2871 tamen
711 2810 780 2870 eius
803 2814 905 2870 morte
931 2809 1067 2885 innoxia,

108 2913 203 2972 iuxta
221 2909 415 2986 praedictum
429 2908 490 2970 uiri
504 2909 571 2985 Dei,
588 2929 663 2971 uera
682 2913 731 2970 est
751 2909 819 2970 eius
837 2909 928 2986 culpa
949 2908 1067 2986 punita.

109 3009 279 3071 Habuerat
306 3007 393 3068 enim
421 3027 504 3068 unus
531 3027 570 3068 ex
597 3008 657 3082 his,
691 3007 747 3085 qui
774 3027 846 3068 eum
879 3008 1066 3082 occiderunt,

108 3107 284 3170 comitibus
304 3107 463 3168 inlicitum
485 3107 687 3185 coniugium
709 3107 886 3184 quodcum
908 3106 1070 3182 episcopus

109 3205 279 3287 prohibere
302 3209 333 3266 et
358 3205 510 3284 corrigere
533 3225 597 3265 non
625 3207 739 3282 posset,
766 3204 1070 3266 excommunicamt⁷

110 3325 190 3366 eum
212 3308 305 3381 atque
327 3303 482 3378 omnibus,
500 3303 554 3381 qui
576 3323 609 3363 se
630 3304 738 3364 audire
759 3303 888 3377 uellent,
905 3301 1067 3380 praecepit,

113 3425 156 3464 ne
174 3402 306 3462 domum
321 3401 387 3462 sius
401 3401 564 3477 intrarent,
581 3421 682 3479 neque
703 3402 742 3462 de
762 3400 841 3461 cibis
857 3399 946 3460 illius
959 3399 1071 3477 accipe·

109 3507 196 3564 runt
242 3500 416 3563 Contsmsit
436 3504 542 3562 autem
563 3521 618 3562 rex
647 3504 856 3578 praeceptum,
883 3503 916 3560 ct
943 3501 1071 3577 rogatus

144 3692 277 3754 ¹·tarG;
294 3692 394 3756 tyrii.
557 3691 799 3752 ²tii1a-c¹;tilla·
811 3689 911 3750 c¹.B¹;
926 3691 1025 3753 -burug
1036 3690 1069 3740 N.

108 3777 241 3840 ’parante
260 3771 308 3832 G¹;
333 3775 415 3835 panto
433 3769 480 3832 0¹3
497 3773 580 3834 pente
599 3769 693 3834 B¹(?);
718 3774 808 3833 penta
826 3768 877 3830 13²3
903 3771 1016 3832 paentae
1035 3767 1069 3819 lt.

107 3857 117 3886 ⁰
136 3869 181 3902 -το
191 3852 223 3902 C.
235 3851 268 3902 N.
368 3849 378 3878 ⁸
395 3849 428 3900 ab
440 3849 473 3900 N.
484 3847 524 3900 0¹.
621 3848 765 3900 ‘aoletlt⁰
863 3845 1069 3898 'excommoni-

107 3934 187 3985 nuit
199 3930 237 3980 M.
249 3929 282 3980 N.
