2859 4334
797 4 831 35 χ

321 266 386 329 406
632 264 963 351 speculacione

320 434 407 495 tione
420 438 452 495 et
465 435 605 497 doctrina
618 418 803 496 confirmare
816 435 1007 498 memineris
1053 435 1173 497 Neutra
1186 434 1271 495 enim

320 534 397 594 haec
417 534 519 594 uirtus
539 534 607 595 sine
627 533 726 595 altera
742 535 802 595 rite
821 537 925 611 potest
944 534 1091 612 impleri3
1110 534 1139 594 si
1158 536 1213 595 aut
1231 534 1267 607 is,

321 631 376 711 qui
396 632 475 693 bene
499 632 588 708 uiuit,
614 634 746 697 docendi
768 633 904 694 officium
927 633 1068 711 negligit,
1092 637 1147 694 aut
1169 635 1270 693 recte¹

224 720 226 725 ⁵
321 733 436 795 docens
465 733 597 795 antistes
628 735 747 793 rectam
777 750 917 791 exercere
952 732 1163 807 operationem
1198 753 1270 793 oon-

319 832 435 893 temnit
444 832 464 893 ⁹.
508 832 569 908 Qui
589 831 715 893 autem³
736 831 906 906 utrumque
930 830 1081 890 ueraciter
1106 832 1179 909 agit,
1203 851 1272 909 pro

319 930 400 991 fecto
413 930 485 991 talis
499 950 608 991 seruus
621 931 794 991 aduentum
808 927 939 988 Domini
955 928 1005 988 sui
1023 929 1272 1007 gratulabundus

320 1032 467 1107 expectat,
495 1049 622 1107 sperans
646 1049 680 1089 se
700 1028 794 1089 citius
812 1025 1015 1088 auditurum:
1048 1028 1153 1107 ‘Euge
1180 1050 1272 1091 serue
1288 1048 1373 1092 nau

319 1128 400 1188 bone
421 1132 454 1189 et
474 1128 585 1203 fidelis,
609 1127 682 1206 quia
701 1145 796 1203 super
815 1144 913 1202 pauca
931 1124 1022 1186 firisti
1041 1126 1151 1205 fidelis
1176 1148 1271 1207 supra
1286 1120 1341 1222 ξι
1352 1122 1381 1156 ²¹·
1417 1169 1418 1216 ,

319 1227 421 1288 multa
441 1230 473 1293 te
491 1229 699 1300 constituam;
721 1224 806 1285 intra
825 1223 860 1283 in
879 1223 1029 1301 gaudium
1049 1226 1183 1287 Domini
1202 1229 1272 1288 tui?

321 1326 355 1386 Si
377 1326 448 1404 quis
468 1303 554 1402 irem,
580 1325 662 1404 quod
687 1324 776 1399 absit,
800 1322 898 1401 gradu
918 1322 1112 1401 episcopatus
1134 1329 1269 1405 accepto,

320 1444 378 1484 nec
401 1424 539 1502 seipsum
562 1445 581 1485 a
601 1423 693 1485 malis
713 1422 834 1484 actibus
853 1420 933 1481 bene
953 1421 1099 1498 uiuendo,
1123 1444 1181 1485 nec
1201 1426 1272 1486 sub

319 1522 418 1583 ditem
437 1522 442 1602 Ι
460 1523 521 1583 sibi
534 1523 657 1601 plebem
671 1520 851 1598 castigando
861 1520 881 1595 ⁴,
898 1518 950 1579 uel
963 1520 1161 1583 admonendo
1180 1526 1271 1585 corri-
1287 1536 1370 1594 ta9o.
1418 1503 1419 1550 l

319 1642 391 1700 gere
418 1625 526 1698 ourat;
556 1623 631 1701 quid
657 1622 741 1697 huic,
766 1617 914 1680 ueniente
944 1618 1081 1682 Domino
1108 1621 1186 1683 hora
1209 1645 1272 1702 qua
1286 1637 1359 1683 ein

318 1740 384 1780 non
404 1723 514 1799 sperat,
539 1724 726 1781 euenturum
747 1720 796 1795 sit,
820 1720 998 1799 euangelica
1017 1719 1185 1781 manifeste
1204 1741 1272 1783 sen·
1285 1698 1420 1804 ἓξὲξ

318 1820 417 1879 tentia
448 1819 589 1894 declarat,
623 1839 685 1898 qua
715 1818 829 1881 dicitur
854 1819 914 1880 ad‘
940 1818 1087 1879 inutilem
1117 1838 1246 1881 seruum
1260 1844 1269 1883 ε
1284 1818 1375 1919 ἢ
1418 1815 1419 1834 ’

321 1916 436 1977 ‘Eicite
449 1917 483 1977 iu
497 1918 643 1978 tenebras
661 1918 836 1994 exteriores,
853 1918 899 1978 ibi
917 1918 974 1978 erit
993 1918 1086 1978 fletus
1104 1922 1137 1979 et
1154 1919 1270 1981 stridor
1284 1947 1340 1979 m.
1353 1950 1386 1987 a».
1418 1949 1419 1972 2

318 2014 483 2076 dentium.'
897 2076 905 2093 ‚
1012 2018 1015 2022 ’
1418 2015 1419 2034 ,

199 2135 212 2166 e
361 2134 388 2190 3.
412 2115 498 2174 Ante
512 2114 618 2175 omnia
631 2116 802 2176 sane“tuae
815 2118 940 2176 sanotae
949 2115 1131 2193 paternitati
1144 2117 1267 2191 suadeo,

176 2254 190 2285 Θ
318 2215 355 2272 ut
377 2212 416 2273 ab
438 2212 545 2273 otiosis
573 2216 606 2274 te
629 2212 940 2290 confabulationibus,
963 2213 1266 2289 obtrectationibus²,

318 2311 488 2390 ceterisque
509 2310 634 2390 linguae
654 2312 824 2373 indomitae
844 2312 995 2391 contagiis
1013 2312 1188 2391 pontificali
1207 2314 1269 2392 dig·

317 2409 416 2472 nitate
429 2430 568 2472 coerceas
580 2432 588 2485 ;
609 2410 728 2471 diuinis
740 2415 846 2472 autem
865 2411 996 2489 eloquiis
1008 2432 1045 2471 ac
1061 2412 1269 2473 meditationi·

316 2509 376 2569 bus
390 2510 613 2587 scripturarum
633 2508 777 2587 linguam
796 2509 893 2569 simul
917 2513 950 2572 et
965 2513 1107 2571 mentem
1126 2530 1264 2589 occupes,

317 2610 349 2667 et
369 2608 506 2668 maxime
530 2606 670 2683 legendis
694 2607 778 2669 beati
799 2608 892 2669 Pauli
913 2608 1046 2686 apostoli
1067 2609 1209 2687 epistolis
1229 2610 1266 2671 ad

316 2705 517 2767 Timotheum
531 2726 567 2767 ac
580 2706 707 2784 l'ytum,
724 2707 779 2767 sed
794 2710 826 2767 et
845 2707 949 2768 uerbis
967 2708 1159 2768 sanctissimi
1171 2729 1267 2787 papae

317 2803 466 2882 Gregorii,
485 2804 599 2882 quibus
619 2805 657 2866 ds
676 2806 744 2866 uita
761 2805 858 2866 simul
875 2810 907 2869 et
922 2806 1009 2866 uitiis
1025 2809 1181 2867 rectorum
1200 2808 1266 2868 siue

314 2901 349 2959 in
370 2902 450 2963 libro
472 2902 609 2980 Regulae
632 2902 809 2977 Pastoralis,
831 2924 887 2965 seu
909 2904 945 2964 in
966 2903 1091 2967 omeliis
1112 2905 1267 2985 euangelii

315 3000 453 3062 multum
474 3001 594 3061 curiose
615 3002 769 3077 disseruit,
792 3006 826 3063 ut
843 3004 907 3063 sit⁸
928 3024 1030 3065 sermo
1050 3009 1125 3083 tuus
1144 3028 1268 3087 semper

315 3100 485 3177 sapientiae
498 3100 582 3161 sale⁹
596 3101 749 3177 conditus,
763 3100 952 3163 eminentior
962 3105 1085 3183 uulgari
1097 3106 1264 3184 locutione,
1281 3132 1316 3177 es.
1324 3134 1376 3177 cu
1386 3136 1408 3175 r«

316 3217 350 3257 ac
374 3198 482 3259 diuino
504 3199 624 3260 auditui
647 3199 771 3277 dignior
796 3199 956 3264 elucescat.
999 3204 1086 3265 Sicut
1110 3207 1198 3267 eninr
1220 3208 1265 3268 in·
1281 3194 1304 3237 ⁶

314 3296 426 3357 decens
446 3301 502 3373 est,
525 3297 553 3359 si
574 3318 648 3360 uasa
667 3298 774 3359 altaris
793 3304 988 3363 sacrosancta
1008 3304 1193 3383 uulgaribus
1212 3327 1269 3367 un·

314 3413 408 3471 quam
425 3396 534 3457 usibus
552 3416 586 3457 ao
606 3397 725 3457 uilibus
744 3398 951 3475 profanentur
971 3402 1118 3479 officiis¹⁰,
1139 3404 1183 3465 ita
1203 3424 1268 3483 pen

314 3512 440 3553 uersum
470 3495 661 3556 omnimodis
688 3516 724 3556 ao
751 3496 903 3558 miserum
931 3503 987 3575 est,
1017 3501 1045 3561 si
1079 3501 1108 3562 is
1143 3504 1199 3582 qui
1227 3504 1267 3565 ad

314 3593 521 3655 consecranda
541 3592 576 3655 in
596 3594 689 3655 alteri
711 3595 869 3657 dominica
890 3604 1083 3663 sacramenta
1104 3602 1267 3665 ordinatus

346 3770 354 3805 ¹
371 3777 443 3823 certe
455 3773 490 3825 ll.
556 3774 566 3803 ²
582 3780 653 3827 cont.
665 3792 738 3839 oper.
751 3777 787 3829 M.
862 3778 873 3809 ⁸
888 3784 918 3830 at
928 3784 975 3843 qui
988 3782 1024 3833 it.
1093 3782 1102 3813 ⁸
1118 3785 1217 3835 -cando
1228 3788 1264 3837 Η.

312 3848 322 3879 ⁵
338 3852 365 3899 et
377 3851 413 3900 Η.
514 3854 524 3886 ⁸
540 3868 606 3905 sane
616 3870 661 3905 cm,
678 3853 714 3904 M.
808 3854 819 3885 ²
835 3858 950 3909 obtract·
962 3860 1000 3911 Η.
1093 3862 1103 3891 ¹
1118 3864 1157 3913 ait
1167 3880 1213 3915 ora.
1226 3864 1262 3915 Η.

312 3928 504 3992 'salesaplL
605 3930 625 3961 ²⁰
641 3932 789 3985 officiismn.
803 3935 840 3987 li.
