2859 4334
353 224 418 287 286
625 221 785 287 Historia
806 221 1038 288 Ecclesiastr'ea
1189 231 1248 297 [ns
1260 237 1286 282 v.

354 393 543 455 abbatissam
569 412 639 453 eam
666 412 722 469 pro
750 411 784 451 se
811 392 910 451 faeere
938 391 1140 468 disposuerat,
1170 392 1286 451 tandem

353 492 497 567 obtinuit,
521 494 558 551 ut
584 491 624 550 ad
652 490 857 567 languentem
884 490 1024 551 intraret
1069 490 1203 550 Intmuit
1224 511 1287 568 ergo
1398 529 1399 552 r

353 611 405 651 me
420 610 527 651 seeum
547 590 691 649 adsumto
712 589 751 648 ad
773 588 937 665 uirginem,
954 608 1035 665 quae
1051 588 1168 648 iaeebat
1187 589 1284 663 multo,

353 694 389 750 ut
404 689 476 762 dixi,
494 688 598 749 dolore
612 687 786 762 constricta,
804 689 836 747 et
854 686 981 747 brachio
995 686 1031 746 in
1044 690 1169 748 tantum
1187 708 1289 765 grosse
1398 675 1399 684 ¹

352 792 466 863 scente,
483 791 520 848 ut
540 786 623 846 nihil
643 786 788 861 prorsus¹
809 786 844 846 in
866 785 973 846 eubito
994 786 1137 846 flexionis
1153 787 1287 859 haberet;

356 892 405 970 pet
418 888 545 947 adstans
558 884 638 945 dixit
652 884 824 945 orationem
838 904 932 962 super
947 884 1044 959 illam,
1062 904 1097 944 ae
1116 885 1289 946 benedicens
1301 893 1376 936 trus

353 1005 494 1064 egressus
507 986 562 1044 est
607 982 749 1060 Cumque
762 987 834 1060 post
847 984 924 1043 haee
938 984 1015 1043 hora
1030 988 1213 1061 oonpetente
1230 1005 1287 1045 cou-

353 1084 525 1145 sideremns
538 1082 577 1141 ad
592 1101 743 1150 mensem,
761 1083 933 1143 adueniens
947 1083 1075 1160 quidam
1090 1084 1233 1143 clamauit
1244 1104 1286 1143 me
1398 1053 1399 1142 l

353 1184 444 1255 foras,
463 1185 494 1242 et
507 1181 571 1242 ait:
596 1180 778 1242 ‘Postulat²
799 1182 1026 1259 Quoenburg⁸’
1041 1180 1114 1260 (hoe
1132 1182 1215 1242 enim
1231 1186 1285 1241 erat
1398 1207 1399 1210 ¹

354 1302 469 1343 nomen
484 1275 638 1363 uirginis),
659 1284 710 1341 ‘ut
726 1281 812 1342 ocius
828 1279 1011 1358 regrediaris
1029 1281 1068 1340 ad
1082 1282 1172 1341 eam!
1210 1280 1285 1355 Quod
1398 1235 1399 1298 l

354 1381 430 1442 dum
439 1381 580 1456 facerem,
592 1380 713 1459 repperi
722 1379 809 1439 illam
820 1379 1000 1457 ingrediens
1010 1379 1102 1439 uultu
1113 1379 1283 1442 hilariorem

354 1484 386 1539 et
414 1479 502 1539 uelut
530 1480 640 1555 sospiti
667 1479 814 1540 similem.
859 1479 902 1538 Et
934 1477 1011 1539 dum
1043 1478 1213 1538 adsiderem
1236 1478 1283 1552 illi,

354 1578 455 1639 dixit:
479 1577 555 1637 ‘Uis
575 1580 719 1655 petamus
740 1577 887 1638 biberet'
928 1579 973 1638 nt
1001 1592 1075 1654 ego:
1109 1577 1227 1653 ‘Uolo'
1250 1576 1286 1635 in·
1398 1631 1399 1662 1

354 1697 457 1755 quam,
478 1678 526 1736 ‘et
540 1676 680 1736 multum
693 1677 836 1751 delector,
852 1675 1002 1753 sipotes'
1044 1676 1185 1753 Cumque
1197 1675 1287 1735 oblato
1398 1667 1399 1700 ¹

355 1776 465 1853 poculo
486 1776 663 1835 biberemus
681 1774 783 1850 ambo,
805 1774 906 1850 eoepit
926 1772 1008 1833 mihi
1026 1773 1134 1850 dicere,
1151 1776 1221 1851 quia
1240 1774 1287 1833 ‘ex
1398 1713 1399 1806 l

355 1895 418 1952 quo
432 1874 595 1951 episcopus
609 1873 749 1933 oratione
762 1892 880 1950 prome
894 1875 926 1932 et
936 1871 1153 1933 benedictione
1162 1872 1288 1950 conplete

354 1993 496 2050 egressus
510 1975 564 2045 est,
579 1972 686 2032 statim
697 1972 811 2031 melius
823 1971 938 2031 habere
947 1970 1061 2048 incipio
1073 1993 1080 2042 ;
1102 1972 1161 2031 etsi
1170 1972 1288 2031 neudum

356 2072 438 2131 uires
448 2069 596 2147 pristinas
606 2069 706 2145 recepi
715 2073 734 2145 ⁴,
746 2069 835 2130 dolor
845 2072 951 2129 tamen
962 2070 1066 2130 omnis
1076 2073 1108 2129 et
1118 2071 1156 2130 de
1166 2067 1285 2141 brachio,

356 2169 409 2230 ubi
436 2169 593 2228 ardentior
617 2167 726 2243 inerat,
752 2168 844 2227 etde
871 2171 939 2228 toto
960 2188 1031 2228 meo
1055 2189 1189 2245 oorpore,
1212 2165 1287 2226 uelut

355 2269 423 2345 ipso
445 2266 586 2343 episeopo
609 2266 691 2326 foras
715 2286 789 2325 eum
808 2270 998 2343 exportante,
1019 2266 1164 2328 funditus
1183 2266 1289 2327 ablatus

355 2372 410 2441 est,
438 2364 564 2427 temetsi
587 2367 693 2425 tumor
717 2365 818 2424 adhuc
842 2365 960 2425 braehii
983 2385 1111 2425 manere
1137 2364 1289 2426 uidetur⁸.’

354 2463 555 2527 Abeuntibus
589 2466 695 2523 eutem
730 2463 822 2523 nobis
857 2464 940 2539 inde,
977 2465 1127 2525 continuo
1161 2466 1290 2542 fugatum

355 2563 493 2623 dolorem
518 2562 730 2623 membrorum
755 2562 830 2638 fuga
854 2581 977 2639 quoque
1001 2562 1135 2622 tumoris
1158 2560 1290 2622 horrendi
1398 2579 1399 2600 ¹

357 2665 461 2721 secuta
478 2663 547 2735 est;
569 2663 600 2719 et
620 2664 727 2737 erepta
744 2660 841 2721 morti
854 2680 890 2720 ae
909 2660 1067 2722 doloribus
1083 2661 1180 2739 uirgo,
1196 2661 1290 2720 laudes

356 2760 493 2821 Domino
518 2758 690 2819 Saluatori⁶
718 2779 782 2819 una
809 2779 881 2820 eum
909 2759 1026 2835 ceteris,
1054 2760 1109 2838 qui
1137 2761 1182 2820 ibi
1203 2762 1287 2830 erant

356 2860 455 2919 seruis
468 2858 555 2917 illius
568 2858 740 2918 referebat!

744 3086 836 3147 CAP.
861 3085 916 3147 IV.

473 3236 501 3281 Ut
509 3238 628 3293 eruissem
639 3236 729 3281 amau
740 3236 862 3290 infimam
871 3250 935 3293 aquo
947 3239 1063 3284 maeonia
1071 3242 1196 3285 curum.

397 3355 507 3412 Amul>
528 3371 650 3428 quoque
668 3372 733 3412 non
751 3352 891 3413 multum
911 3354 985 3414 huie
1004 3355 1157 3415 dissimile
1177 3356 1291 3416 miraeu-

357 3453 424 3512 lum
440 3451 477 3510 de
492 3450 626 3527 praefato
645 3449 786 3511 antistite
804 3452 945 3513 narrauit
961 3452 1047 3513 idem
1063 3454 1166 3529 abbsa
1182 3454 1290 3514 disens:

361 3549 464 3611 ‘Uilla
487 3553 550 3609 erat
574 3548 697 3609 comitis
720 3550 889 3626 euiusdem,
916 3552 972 3629 qui
996 3554 1184 3614 uocabatur⁷
1203 3552 1287 3613 Pueb

391 3672 846 3762 ¹Pr⁰r³11sadaeuuuowueulett
894 3702 1001 3755 ²·lauit
1010 3706 1038 3754 G.
1052 3705 1086 3756 D.
1097 3706 1142 3755 dte.
1184 3704 1289 3766 'quoiu-

358 3779 825 3843 1³;00en-H,;qu0uueinburgx.
885 3782 1040 3847 noenu
1093 3778 1288 3833 mrum
1398 3815 1399 3818 γ

357 3858 422 3904 ⁶-ni
436 3858 485 3905 -ris
496 3857 528 3906 N.
595 3856 735 3908 'uocatur
747 3860 774 3908 C.
790 3860 822 3910 Ι).
