<?xml version="1.0" encoding="UTF-8"?>
<!DOCTYPE html PUBLIC "-//W3C//DTD XHTML 1.0 Transitional//EN"
    "http://www.w3.org/TR/xhtml1/DTD/xhtml1-transitional.dtd">
<html xmlns="http://www.w3.org/1999/xhtml" xml:lang="en" lang="en">
 <head>
  <title>
</title>
<meta http-equiv="Content-Type" content="text/html;charset=utf-8" />
  <meta name='ocr-system' content='tesseract 3.04.00' />
  <meta name='ocr-capabilities' content='ocr_page ocr_carea ocr_par ocr_line ocrx_word'/>
</head>
<body>
  <div class='ocr_page' id='page_1' title='image "./venerabilisbaed03plumgoog_0503.png"; bbox 0 0 2859 4334; ppageno 0'>
   <div class='ocr_carea' id='block_1_1' title="bbox 158 280 1108 367">
    <p class='ocr_par' dir='ltr' id='par_1_1' title="bbox 158 280 1108 367">
     <span class='ocr_line' id='line_1_1' title="bbox 158 280 1108 367; baseline -0.002 -22"><span class='ocrx_word' id='word_1_1' title='bbox 158 292 219 347; x_wconf 74' lang='lat' dir='ltr'>eu.</span> <span class='ocrx_word' id='word_1_2' title='bbox 233 289 315 358; x_wconf 67' lang='lat' dir='ltr'>xus]</span> <span class='ocrx_word' id='word_1_3' title='bbox 461 280 575 348; x_wconf 75' lang='lat' dir='ltr'>Gentis</span> <span class='ocrx_word' id='word_1_4' title='bbox 597 280 804 367; x_wconf 73' lang='lat' dir='ltr'>duplorum.</span> <span class='ocrx_word' id='word_1_5' title='bbox 1046 280 1108 345; x_wconf 79' lang='lat'>311</span> 
     </span>
    </p>
   </div>
   <div class='ocr_carea' id='block_1_2' title="bbox 523 501 737 565">
    <p class='ocr_par' dir='ltr' id='par_1_2' title="bbox 523 501 737 565">
     <span class='ocr_line' id='line_1_2' title="bbox 523 501 737 565; baseline -0.009 0"><span class='ocrx_word' id='word_1_6' title='bbox 523 502 615 565; x_wconf 83' lang='lat' dir='ltr'>CAP.</span> <span class='ocrx_word' id='word_1_7' title='bbox 641 501 737 563; x_wconf 87' lang='lat' dir='ltr'>XIIL</span> 
     </span>
    </p>
   </div>
   <div class='ocr_carea' id='block_1_3' title="bbox 157 650 1106 789">
    <p class='ocr_par' dir='ltr' id='par_1_3' title="bbox 157 650 1106 789">
     <span class='ocr_line' id='line_1_3' title="bbox 157 650 1106 703; baseline -0.004 0"><span class='ocrx_word' id='word_1_8' title='bbox 157 650 1106 703; x_wconf 68' lang='lat' dir='ltr'>Urmauulur¹admortonmumoueramsbsudoononiuuuuioem</span> 
     </span>
     <span class='ocr_line' id='line_1_4' title="bbox 455 735 808 789; baseline -0.008 -8"><span class='ocrx_word' id='word_1_9' title='bbox 455 735 808 789; x_wconf 73' lang='lat' dir='ltr'>ruerumur&#39;den&#39;tpeccatorum.</span> 
     </span>
    </p>
   </div>
   <div class='ocr_carea' id='block_1_4' title="bbox 28 860 1268 3805">
    <p class='ocr_par' dir='ltr' id='par_1_4' title="bbox 150 860 1268 1928">
     <span class='ocr_line' id='line_1_5' title="bbox 195 860 1235 939; baseline 0.003 -17"><span class='ocrx_word' id='word_1_10' title='bbox 195 863 246 922; x_wconf 84' lang='lat' dir='ltr'>Ar</span> <span class='ocrx_word' id='word_1_11' title='bbox 274 864 383 923; x_wconf 83' lang='lat' dir='ltr'>eontra</span> <span class='ocrx_word' id='word_1_12' title='bbox 409 862 470 923; x_wconf 81' lang='lat' dir='ltr'>fuit</span> <span class='ocrx_word' id='word_1_13' title='bbox 499 861 626 939; x_wconf 82' lang='lat' dir='ltr'>quidam</span> <span class='ocrx_word' id='word_1_14' title='bbox 653 861 688 921; x_wconf 90' lang='lat' dir='ltr'>in</span> <span class='ocrx_word' id='word_1_15' title='bbox 720 860 881 937; x_wconf 85' lang='lat' dir='ltr'>prouincia</span> <span class='ocrx_word' id='word_1_16' title='bbox 908 860 1102 937; x_wconf 65' lang='lat' dir='ltr'>Marciorum,</span> <span class='ocrx_word' id='word_1_17' title='bbox 1123 876 1235 925; x_wconf 67' lang='lat' dir='ltr'>huna</span> 
     </span>
     <span class='ocr_line' id='line_1_6' title="bbox 154 950 1268 1051; baseline 0.001 -32"><span class='ocrx_word' id='word_1_18' title='bbox 154 960 245 1020; x_wconf 88' lang='lat' dir='ltr'>ouius</span> <span class='ocrx_word' id='word_1_19' title='bbox 269 961 405 1021; x_wconf 83' lang='lat' dir='ltr'>uisionee</span> <span class='ocrx_word' id='word_1_20' title='bbox 428 979 463 1021; x_wconf 86' lang='lat' dir='ltr'>ao</span> <span class='ocrx_word' id='word_1_21' title='bbox 487 961 588 1035; x_wconf 78' lang='lat' dir='ltr'>uerba,</span> <span class='ocrx_word' id='word_1_22' title='bbox 613 979 678 1019; x_wconf 89' lang='lat' dir='ltr'>non</span> <span class='ocrx_word' id='word_1_23' title='bbox 706 962 812 1020; x_wconf 87' lang='lat' dir='ltr'>autem</span> <span class='ocrx_word' id='word_1_24' title='bbox 839 961 872 1019; x_wconf 90' lang='lat' dir='ltr'>et</span> <span class='ocrx_word' id='word_1_25' title='bbox 899 960 1102 1035; x_wconf 81' lang='lat' dir='ltr'>conuersatio,</span> <span class='ocrx_word' id='word_1_26' title='bbox 1122 936 1268 1051; x_wconf 33' lang='lat' dir='ltr'>gfff&amp;</span> 
     </span>
     <span class='ocr_line' id='line_1_7' title="bbox 154 1058 1104 1135; baseline 0.002 -18"><span class='ocrx_word' id='word_1_27' title='bbox 154 1058 310 1135; x_wconf 85' lang='lat' dir='ltr'>plurimis,</span> <span class='ocrx_word' id='word_1_28' title='bbox 334 1060 389 1120; x_wconf 84' lang='lat' dir='ltr'>sed</span> <span class='ocrx_word' id='word_1_29' title='bbox 410 1079 474 1119; x_wconf 91' lang='lat' dir='ltr'>non</span> <span class='ocrx_word' id='word_1_30' title='bbox 495 1058 622 1119; x_wconf 90' lang='lat' dir='ltr'>sibimet</span> <span class='ocrx_word' id='word_1_31' title='bbox 643 1058 711 1135; x_wconf 92' lang='lat' dir='ltr'>ipsi,</span> <span class='ocrx_word' id='word_1_32' title='bbox 736 1058 860 1134; x_wconf 81' lang='lat' dir='ltr'>profuit</span> <span class='ocrx_word' id='word_1_33' title='bbox 906 1058 980 1119; x_wconf 78' lang='lat' dir='ltr'>Fuit</span> <span class='ocrx_word' id='word_1_34' title='bbox 999 1061 1104 1119; x_wconf 86' lang='lat' dir='ltr'>autem</span> 
     </span>
     <span class='ocr_line' id='line_1_8' title="bbox 154 1156 1101 1235; baseline 0 -18"><span class='ocrx_word' id='word_1_35' title='bbox 154 1156 348 1234; x_wconf 84' lang='lat' dir='ltr'>temporibus</span> <span class='ocrx_word' id='word_1_36' title='bbox 368 1158 528 1233; x_wconf 84' lang='lat' dir='ltr'>Coenredi,</span> <span class='ocrx_word' id='word_1_37' title='bbox 546 1158 599 1235; x_wconf 91' lang='lat' dir='ltr'>qui</span> <span class='ocrx_word' id='word_1_38' title='bbox 616 1160 686 1235; x_wconf 88' lang='lat' dir='ltr'>pest</span> <span class='ocrx_word' id='word_1_39' title='bbox 703 1156 931 1218; x_wconf 86' lang='lat' dir='ltr'>Aedilredum¹</span> <span class='ocrx_word' id='word_1_40' title='bbox 951 1157 1101 1235; x_wconf 82' lang='lat' dir='ltr'>regnauit,</span> 
     </span>
     <span class='ocr_line' id='line_1_9' title="bbox 154 1255 1104 1335; baseline 0.002 -20"><span class='ocrx_word' id='word_1_41' title='bbox 154 1255 205 1315; x_wconf 92' lang='lat' dir='ltr'>uir</span> <span class='ocrx_word' id='word_1_42' title='bbox 225 1256 259 1315; x_wconf 92' lang='lat' dir='ltr'>in</span> <span class='ocrx_word' id='word_1_43' title='bbox 281 1256 359 1317; x_wconf 79' lang='lat' dir='ltr'>laico</span> <span class='ocrx_word' id='word_1_44' title='bbox 378 1257 485 1318; x_wconf 92' lang='lat' dir='ltr'>habitu</span> <span class='ocrx_word' id='word_1_45' title='bbox 508 1261 602 1335; x_wconf 91' lang='lat' dir='ltr'>atque</span> <span class='ocrx_word' id='word_1_46' title='bbox 619 1256 716 1316; x_wconf 80' lang='lat' dir='ltr'>officio</span> <span class='ocrx_word' id='word_1_47' title='bbox 737 1256 868 1316; x_wconf 85' lang='lat' dir='ltr'>militari</span> <span class='ocrx_word' id='word_1_48' title='bbox 889 1256 1029 1333; x_wconf 86' lang='lat' dir='ltr'>positue;</span> <span class='ocrx_word' id='word_1_49' title='bbox 1049 1258 1104 1317; x_wconf 80' lang='lat' dir='ltr'>sed</span> 
     </span>
     <span class='ocr_line' id='line_1_10' title="bbox 154 1354 1103 1432; baseline 0.002 -18"><span class='ocrx_word' id='word_1_50' title='bbox 154 1358 309 1431; x_wconf 87' lang='lat' dir='ltr'>quantum</span> <span class='ocrx_word' id='word_1_51' title='bbox 326 1375 382 1432; x_wconf 92' lang='lat' dir='ltr'>pro</span> <span class='ocrx_word' id='word_1_52' title='bbox 399 1355 552 1416; x_wconf 87' lang='lat' dir='ltr'>industria</span> <span class='ocrx_word' id='word_1_53' title='bbox 569 1355 714 1417; x_wconf 77' lang='lat' dir='ltr'>exteriori</span> <span class='ocrx_word' id='word_1_54' title='bbox 731 1355 798 1432; x_wconf 81' lang='lat' dir='ltr'>regi</span> <span class='ocrx_word' id='word_1_55' title='bbox 818 1354 951 1432; x_wconf 81' lang='lat' dir='ltr'>placens,</span> <span class='ocrx_word' id='word_1_56' title='bbox 976 1358 1103 1416; x_wconf 88' lang='lat' dir='ltr'>tantum</span> 
     </span>
     <span class='ocr_line' id='line_1_11' title="bbox 153 1454 1102 1533; baseline 0.002 -20"><span class='ocrx_word' id='word_1_57' title='bbox 153 1472 210 1530; x_wconf 91' lang='lat' dir='ltr'>pro</span> <span class='ocrx_word' id='word_1_58' title='bbox 223 1454 350 1516; x_wconf 90' lang='lat' dir='ltr'>interna</span> <span class='ocrx_word' id='word_1_59' title='bbox 363 1455 480 1515; x_wconf 79' lang='lat' dir='ltr'><strong>suimet</strong></span> <span class='ocrx_word' id='word_1_60' title='bbox 499 1455 697 1533; x_wconf 77' lang='lat' dir='ltr'>neglegentia</span> <span class='ocrx_word' id='word_1_61' title='bbox 710 1454 886 1531; x_wconf 81' lang='lat' dir='ltr'>displicens</span> <span class='ocrx_word' id='word_1_62' title='bbox 930 1457 1102 1515; x_wconf 71' lang='lat' dir='ltr'>Ammona</span> 
     </span>
     <span class='ocr_line' id='line_1_12' title="bbox 153 1551 1100 1629; baseline 0.003 -18"><span class='ocrx_word' id='word_1_63' title='bbox 153 1551 206 1612; x_wconf 89' lang='lat' dir='ltr'>bat</span> <span class='ocrx_word' id='word_1_64' title='bbox 226 1572 299 1629; x_wconf 87' lang='lat' dir='ltr'>ergo</span> <span class='ocrx_word' id='word_1_65' title='bbox 320 1552 411 1613; x_wconf 89' lang='lat' dir='ltr'>illum</span> <span class='ocrx_word' id='word_1_66' title='bbox 433 1554 549 1629; x_wconf 86' lang='lat' dir='ltr'>sedulo,</span> <span class='ocrx_word' id='word_1_67' title='bbox 572 1558 608 1615; x_wconf 86' lang='lat' dir='ltr'>ut</span> <span class='ocrx_word' id='word_1_68' title='bbox 628 1554 834 1627; x_wconf 85' lang='lat' dir='ltr'>eonfiteretur,</span> <span class='ocrx_word' id='word_1_69' title='bbox 859 1555 891 1612; x_wconf 89' lang='lat' dir='ltr'>et</span> <span class='ocrx_word' id='word_1_70' title='bbox 911 1554 1100 1629; x_wconf 86' lang='lat' dir='ltr'>emendaret,</span> 
     </span>
     <span class='ocr_line' id='line_1_13' title="bbox 152 1650 1102 1729; baseline 0.004 -19"><span class='ocrx_word' id='word_1_71' title='bbox 152 1670 187 1711; x_wconf 86' lang='lat' dir='ltr'>ao</span> <span class='ocrx_word' id='word_1_72' title='bbox 213 1651 401 1728; x_wconf 89' lang='lat' dir='ltr'>relinqueret</span> <span class='ocrx_word' id='word_1_73' title='bbox 424 1652 539 1713; x_wconf 83' lang='lat' dir='ltr'>seelera</span> <span class='ocrx_word' id='word_1_74' title='bbox 563 1672 627 1727; x_wconf 89' lang='lat' dir='ltr'>sua,</span> <span class='ocrx_word' id='word_1_75' title='bbox 654 1653 836 1729; x_wconf 76' lang='lat' dir='ltr'><strong>priusquam</strong></span> <span class='ocrx_word' id='word_1_76' title='bbox 864 1650 967 1711; x_wconf 86' lang='lat' dir='ltr'>subito</span> <span class='ocrx_word' id='word_1_77' title='bbox 990 1654 1102 1714; x_wconf 88' lang='lat' dir='ltr'>mortis</span> 
     </span>
     <span class='ocr_line' id='line_1_14' title="bbox 151 1751 1103 1830; baseline 0.001 -21"><span class='ocrx_word' id='word_1_78' title='bbox 151 1752 343 1827; x_wconf 86' lang='lat' dir='ltr'>superuentu</span> <span class='ocrx_word' id='word_1_79' title='bbox 370 1754 495 1829; x_wconf 87' lang='lat' dir='ltr'>tempus</span> <span class='ocrx_word' id='word_1_80' title='bbox 523 1771 617 1813; x_wconf 88' lang='lat' dir='ltr'>omne</span> <span class='ocrx_word' id='word_1_81' title='bbox 648 1751 828 1830; x_wconf 88' lang='lat' dir='ltr'>paenitendi</span> <span class='ocrx_word' id='word_1_82' title='bbox 856 1754 888 1811; x_wconf 90' lang='lat' dir='ltr'>et</span> <span class='ocrx_word' id='word_1_83' title='bbox 914 1751 1103 1813; x_wconf 87' lang='lat' dir='ltr'>emendandi</span> 
     </span>
     <span class='ocr_line' id='line_1_15' title="bbox 150 1849 1098 1928; baseline 0.001 -18"><span class='ocrx_word' id='word_1_84' title='bbox 150 1849 301 1925; x_wconf 79' lang='lat' dir='ltr'>perderet.</span> <span class='ocrx_word' id='word_1_85' title='bbox 347 1850 467 1910; x_wconf 87' lang='lat' dir='ltr'>Uerum</span> <span class='ocrx_word' id='word_1_86' title='bbox 500 1850 562 1925; x_wconf 88' lang='lat' dir='ltr'>ille,</span> <span class='ocrx_word' id='word_1_87' title='bbox 593 1851 773 1928; x_wconf 89' lang='lat' dir='ltr'>frequenter</span> <span class='ocrx_word' id='word_1_88' title='bbox 805 1850 878 1910; x_wconf 87' lang='lat' dir='ltr'>lieet</span> <span class='ocrx_word' id='word_1_89' title='bbox 909 1850 1098 1925; x_wconf 84' lang='lat' dir='ltr'>admonitus,</span> 
     </span>
    </p>

    <p class='ocr_par' dir='ltr' id='par_1_5' title="bbox 28 1946 1103 3097">
     <span class='ocr_line' id='line_1_16' title="bbox 28 1946 1101 2027; baseline 0.019 -38"><span class='ocrx_word' id='word_1_90' title='bbox 28 1946 77 1993; x_wconf 75' lang='grc' dir='ltr'>’.ιω</span> <span class='ocrx_word' id='word_1_91' title='bbox 101 1986 106 1997; x_wconf 91' lang='grc'><em>,</em></span> <span class='ocrx_word' id='word_1_92' title='bbox 151 1947 316 2024; x_wconf 79' lang='lat' dir='ltr'>spernebat</span> <span class='ocrx_word' id='word_1_93' title='bbox 344 1950 438 2009; x_wconf 88' lang='lat' dir='ltr'>uerba</span> <span class='ocrx_word' id='word_1_94' title='bbox 463 1949 581 2025; x_wconf 86' lang='lat' dir='ltr'>salut&#39;,</span> <span class='ocrx_word' id='word_1_95' title='bbox 612 1969 740 2027; x_wconf 80' lang='lat' dir='ltr'>seseque</span> <span class='ocrx_word' id='word_1_96' title='bbox 770 1952 910 2026; x_wconf 81' lang='lat' dir='ltr'>tempore</span> <span class='ocrx_word' id='word_1_97' title='bbox 928 1950 932 2025; x_wconf 93' lang='grc' dir='ltr'>Ι</span> <span class='ocrx_word' id='word_1_98' title='bbox 951 1953 1101 2026; x_wconf 84' lang='lat' dir='ltr'>sequente</span> 
     </span>
     <span class='ocr_line' id='line_1_17' title="bbox 150 2046 1103 2124; baseline 0.002 -18"><span class='ocrx_word' id='word_1_99' title='bbox 150 2046 377 2123; x_wconf 87' lang='lat' dir='ltr'>paenitentiam</span> <span class='ocrx_word' id='word_1_100' title='bbox 399 2052 543 2108; x_wconf 84' lang='lat' dir='ltr'>acturum</span> <span class='ocrx_word' id='word_1_101' title='bbox 567 2068 634 2108; x_wconf 87' lang='lat' dir='ltr'>esse</span> <span class='ocrx_word' id='word_1_102' title='bbox 655 2048 867 2124; x_wconf 77' lang='lat' dir='ltr'>promittebat</span> <span class='ocrx_word' id='word_1_103' title='bbox 911 2047 999 2107; x_wconf 87' lang='lat' dir='ltr'>Haeo</span> <span class='ocrx_word' id='word_1_104' title='bbox 1019 2048 1103 2108; x_wconf 90' lang='lat' dir='ltr'>inter</span> 
     </span>
     <span class='ocr_line' id='line_1_18' title="bbox 149 2146 1101 2224; baseline 0.002 -19"><span class='ocrx_word' id='word_1_105' title='bbox 149 2148 254 2205; x_wconf 83' lang='lat' dir='ltr'>tactus</span> <span class='ocrx_word' id='word_1_106' title='bbox 270 2146 461 2223; x_wconf 85' lang='lat' dir='ltr'>infirmitate,</span> <span class='ocrx_word' id='word_1_107' title='bbox 479 2147 594 2207; x_wconf 85' lang='lat' dir='ltr'>decidit</span> <span class='ocrx_word' id='word_1_108' title='bbox 613 2147 647 2207; x_wconf 92' lang='lat' dir='ltr'>in</span> <span class='ocrx_word' id='word_1_109' title='bbox 665 2147 790 2221; x_wconf 81' lang='lat' dir='ltr'>lectum,</span> <span class='ocrx_word' id='word_1_110' title='bbox 809 2148 902 2223; x_wconf 87' lang='lat' dir='ltr'>atque</span> <span class='ocrx_word' id='word_1_111' title='bbox 920 2146 982 2205; x_wconf 87' lang='lat' dir='ltr'>aori</span> <span class='ocrx_word' id='word_1_112' title='bbox 999 2147 1101 2224; x_wconf 82' lang='lat' dir='ltr'>eoepit</span> 
     </span>
     <span class='ocr_line' id='line_1_19' title="bbox 149 2243 1100 2323; baseline 0.004 -20"><span class='ocrx_word' id='word_1_113' title='bbox 149 2243 257 2304; x_wconf 88' lang='lat' dir='ltr'>dolore</span> <span class='ocrx_word' id='word_1_114' title='bbox 284 2246 429 2323; x_wconf 86' lang='lat' dir='ltr'>torqueri.</span> <span class='ocrx_word' id='word_1_115' title='bbox 474 2246 525 2306; x_wconf 91' lang='lat' dir='ltr'>Ad</span> <span class='ocrx_word' id='word_1_116' title='bbox 551 2266 644 2323; x_wconf 90' lang='lat' dir='ltr'>quem</span> <span class='ocrx_word' id='word_1_117' title='bbox 673 2246 833 2323; x_wconf 82' lang='lat' dir='ltr'>ingressus</span> <span class='ocrx_word' id='word_1_118' title='bbox 860 2264 922 2318; x_wconf 85' lang='lat' dir='ltr'>rex,</span> <span class='ocrx_word' id='word_1_119' title='bbox 951 2244 1100 2321; x_wconf 80' lang='lat' dir='ltr'>diligebat</span> 
     </span>
     <span class='ocr_line' id='line_1_20' title="bbox 149 2342 1099 2420; baseline 0.003 -19"><span class='ocrx_word' id='word_1_120' title='bbox 149 2342 236 2402; x_wconf 90' lang='lat' dir='ltr'>enim</span> <span class='ocrx_word' id='word_1_121' title='bbox 251 2362 322 2403; x_wconf 88' lang='lat' dir='ltr'>eum</span> <span class='ocrx_word' id='word_1_122' title='bbox 338 2344 485 2419; x_wconf 88' lang='lat' dir='ltr'>multum,</span> <span class='ocrx_word' id='word_1_123' title='bbox 502 2344 693 2419; x_wconf 78' lang='lat' dir='ltr'>hortabatur,</span> <span class='ocrx_word' id='word_1_124' title='bbox 711 2347 748 2404; x_wconf 88' lang='lat' dir='ltr'>ut</span> <span class='ocrx_word' id='word_1_125' title='bbox 762 2344 813 2404; x_wconf 90' lang='lat' dir='ltr'>uel</span> <span class='ocrx_word' id='word_1_126' title='bbox 827 2346 912 2418; x_wconf 86' lang='lat' dir='ltr'>tunc,</span> <span class='ocrx_word' id='word_1_127' title='bbox 930 2346 1099 2420; x_wconf 83' lang='lat' dir='ltr'>antequam</span> 
     </span>
     <span class='ocr_line' id='line_1_21' title="bbox 148 2441 1100 2527; baseline 0.003 -27"><span class='ocrx_word' id='word_1_128' title='bbox 148 2443 331 2518; x_wconf 86' lang='lat' dir='ltr'>moreretur,</span> <span class='ocrx_word' id='word_1_129' title='bbox 369 2442 593 2519; x_wconf 83' lang='lat' dir='ltr'>paenitentiam</span> <span class='ocrx_word' id='word_1_130' title='bbox 626 2444 731 2521; x_wconf 88' lang='lat' dir='ltr'>ageret</span> <span class='ocrx_word' id='word_1_131' title='bbox 764 2441 1009 2527; x_wconf 78' lang='lat' dir='ltr'>commissorum.</span> <span class='ocrx_word' id='word_1_132' title='bbox 1054 2444 1100 2503; x_wconf 88' lang='lat' dir='ltr'>At</span> 
     </span>
     <span class='ocr_line' id='line_1_22' title="bbox 149 2538 1096 2618; baseline 0.003 -20"><span class='ocrx_word' id='word_1_133' title='bbox 149 2538 206 2599; x_wconf 90' lang='lat' dir='ltr'>ille</span> <span class='ocrx_word' id='word_1_134' title='bbox 219 2540 388 2617; x_wconf 88' lang='lat' dir='ltr'>respoudit,</span> <span class='ocrx_word' id='word_1_135' title='bbox 406 2562 470 2602; x_wconf 91' lang='lat' dir='ltr'>non</span> <span class='ocrx_word' id='word_1_136' title='bbox 488 2562 522 2602; x_wconf 89' lang='lat' dir='ltr'>se</span> <span class='ocrx_word' id='word_1_137' title='bbox 540 2546 616 2603; x_wconf 89' lang='lat' dir='ltr'>tuno</span> <span class='ocrx_word' id='word_1_138' title='bbox 632 2542 713 2601; x_wconf 90' lang='lat' dir='ltr'>uelle</span> <span class='ocrx_word' id='word_1_139' title='bbox 733 2540 873 2601; x_wconf 85' lang='lat' dir='ltr'>confiteri</span> <span class='ocrx_word' id='word_1_140' title='bbox 890 2546 1013 2618; x_wconf 81' lang='lat' dir='ltr'>peecata</span> <span class='ocrx_word' id='word_1_141' title='bbox 1032 2560 1096 2617; x_wconf 82' lang='lat' dir='ltr'>sua,</span> 
     </span>
     <span class='ocr_line' id='line_1_23' title="bbox 148 2638 1099 2717; baseline 0.002 -20"><span class='ocrx_word' id='word_1_142' title='bbox 148 2638 203 2697; x_wconf 86' lang='lat' dir='ltr'>sed</span> <span class='ocrx_word' id='word_1_143' title='bbox 230 2658 301 2699; x_wconf 83' lang='lat' dir='ltr'>oum</span> <span class='ocrx_word' id='word_1_144' title='bbox 327 2640 365 2701; x_wconf 89' lang='lat' dir='ltr'>ub</span> <span class='ocrx_word' id='word_1_145' title='bbox 389 2640 573 2701; x_wconf 87' lang='lat' dir='ltr'>infirmitate</span> <span class='ocrx_word' id='word_1_146' title='bbox 594 2642 790 2717; x_wconf 77' lang='lat' dir='ltr'>resurgeret3</span> <span class='ocrx_word' id='word_1_147' title='bbox 817 2659 858 2700; x_wconf 88' lang='lat' dir='ltr'>ue</span> <span class='ocrx_word' id='word_1_148' title='bbox 880 2639 1099 2716; x_wconf 80' lang='lat' dir='ltr'>exprobrarent</span> 
     </span>
     <span class='ocr_line' id='line_1_24' title="bbox 148 2722 1098 2817; baseline 0.003 -22"><span class='ocrx_word' id='word_1_149' title='bbox 148 2736 210 2797; x_wconf 92' lang='lat' dir='ltr'>sibi</span> <span class='ocrx_word' id='word_1_150' title='bbox 225 2738 354 2813; x_wconf 81' lang='lat' dir='ltr'>sodales,</span> <span class='ocrx_word' id='word_1_151' title='bbox 368 2722 450 2817; x_wconf 86' lang='lat' dir='ltr'>quod</span> <span class='ocrx_word' id='word_1_152' title='bbox 465 2738 578 2799; x_wconf 89' lang='lat' dir='ltr'>timore</span> <span class='ocrx_word' id='word_1_153' title='bbox 591 2738 702 2798; x_wconf 89' lang='lat' dir='ltr'>mortis</span> <span class='ocrx_word' id='word_1_154' title='bbox 715 2739 828 2799; x_wconf 82' lang='lat' dir='ltr'>faceret</span> <span class='ocrx_word' id='word_1_155' title='bbox 842 2757 885 2813; x_wconf 89' lang='lat' dir='ltr'>ea,</span> <span class='ocrx_word' id='word_1_156' title='bbox 900 2758 979 2815; x_wconf 89' lang='lat' dir='ltr'>quae</span> <span class='ocrx_word' id='word_1_157' title='bbox 991 2758 1098 2815; x_wconf 86' lang='lat' dir='ltr'>sospes</span> 
     </span>
     <span class='ocr_line' id='line_1_25' title="bbox 147 2834 1094 2915; baseline 0.003 -21"><span class='ocrx_word' id='word_1_158' title='bbox 147 2834 249 2895; x_wconf 81' lang='lat' dir='ltr'>facere</span> <span class='ocrx_word' id='word_1_159' title='bbox 272 2836 434 2912; x_wconf 86' lang='lat' dir='ltr'>noluerat;</span> <span class='ocrx_word' id='word_1_160' title='bbox 454 2837 578 2897; x_wconf 87' lang='lat' dir='ltr'>fortiter</span> <span class='ocrx_word' id='word_1_161' title='bbox 600 2837 736 2915; x_wconf 85' lang='lat' dir='ltr'>quidem,</span> <span class='ocrx_word' id='word_1_162' title='bbox 760 2839 796 2896; x_wconf 89' lang='lat' dir='ltr'>ut</span> <span class='ocrx_word' id='word_1_163' title='bbox 820 2836 880 2897; x_wconf 85' lang='lat' dir='ltr'>sibi</span> <span class='ocrx_word' id='word_1_164' title='bbox 904 2836 1094 2911; x_wconf 80' lang='lat' dir='ltr'>uidebatur³‚</span> 
     </span>
     <span class='ocr_line' id='line_1_26' title="bbox 147 2933 1098 3014; baseline 0.003 -20"><span class='ocrx_word' id='word_1_165' title='bbox 147 2933 279 3012; x_wconf 85' lang='lat' dir='ltr'>loeutus,</span> <span class='ocrx_word' id='word_1_166' title='bbox 305 2936 359 2996; x_wconf 87' lang='lat' dir='ltr'>sed</span> <span class='ocrx_word' id='word_1_167' title='bbox 382 2936 608 3010; x_wconf 80' lang='lat' dir='ltr'>miserabiliter,</span> <span class='ocrx_word' id='word_1_168' title='bbox 633 2941 669 2998; x_wconf 90' lang='lat' dir='ltr'>ut</span> <span class='ocrx_word' id='word_1_169' title='bbox 693 2940 765 3014; x_wconf 85' lang='lat' dir='ltr'>pest</span> <span class='ocrx_word' id='word_1_170' title='bbox 784 2936 894 3013; x_wconf 84' lang='lat' dir='ltr'>patuit,</span> <span class='ocrx_word' id='word_1_171' title='bbox 919 2936 1098 2997; x_wconf 80' lang='lat' dir='ltr'>daemonica</span> 
     </span>
     <span class='ocr_line' id='line_1_27' title="bbox 146 3034 424 3097; baseline 0.011 -3"><span class='ocrx_word' id='word_1_172' title='bbox 146 3034 257 3095; x_wconf 82' lang='lat' dir='ltr'>fraude</span> <span class='ocrx_word' id='word_1_173' title='bbox 271 3036 424 3097; x_wconf 80' lang='lat' dir='ltr'>seductus.</span> 
     </span>
    </p>

    <p class='ocr_par' dir='ltr' id='par_1_6' title="bbox 145 3132 1098 3805">
     <span class='ocr_line' id='line_1_28' title="bbox 188 3132 1098 3213; baseline -0.002 -19"><span class='ocrx_word' id='word_1_174' title='bbox 188 3132 332 3211; x_wconf 85' lang='lat' dir='ltr'>Cumque</span> <span class='ocrx_word' id='word_1_175' title='bbox 353 3134 463 3195; x_wconf 90' lang='lat' dir='ltr'>morbo</span> <span class='ocrx_word' id='word_1_176' title='bbox 484 3133 726 3213; x_wconf 84' lang='lat' dir='ltr'>ingrauescente,</span> <span class='ocrx_word' id='word_1_177' title='bbox 750 3135 853 3194; x_wconf 90' lang='lat' dir='ltr'>denuo</span> <span class='ocrx_word' id='word_1_178' title='bbox 877 3133 916 3193; x_wconf 87' lang='lat' dir='ltr'>ad</span> <span class='ocrx_word' id='word_1_179' title='bbox 941 3153 1013 3193; x_wconf 92' lang='lat' dir='ltr'>eum</span> <span class='ocrx_word' id='word_1_180' title='bbox 1027 3132 1098 3193; x_wconf 82' lang='lat' dir='ltr'>uisi·</span> 
     </span>
     <span class='ocr_line' id='line_1_29' title="bbox 146 3232 1096 3309; baseline 0 -18"><span class='ocrx_word' id='word_1_181' title='bbox 146 3232 280 3291; x_wconf 84' lang='lat' dir='ltr'>tandum</span> <span class='ocrx_word' id='word_1_182' title='bbox 304 3252 338 3292; x_wconf 85' lang='lat' dir='ltr'>ae</span> <span class='ocrx_word' id='word_1_183' title='bbox 366 3232 539 3293; x_wconf 90' lang='lat' dir='ltr'>dooendum</span> <span class='ocrx_word' id='word_1_184' title='bbox 567 3253 619 3293; x_wconf 87' lang='lat' dir='ltr'>rex</span> <span class='ocrx_word' id='word_1_185' title='bbox 644 3234 784 3309; x_wconf 83' lang='lat' dir='ltr'>intraret,</span> <span class='ocrx_word' id='word_1_186' title='bbox 815 3232 967 3293; x_wconf 82' lang='lat' dir='ltr'>clamabat</span> <span class='ocrx_word' id='word_1_187' title='bbox 989 3232 1096 3292; x_wconf 85' lang='lat' dir='ltr'>statim</span> 
     </span>
     <span class='ocr_line' id='line_1_30' title="bbox 146 3328 1097 3409; baseline 0.003 -20"><span class='ocrx_word' id='word_1_188' title='bbox 146 3328 319 3390; x_wconf 84' lang='lat' dir='ltr'>miserabili</span> <span class='ocrx_word' id='word_1_189' title='bbox 333 3349 408 3391; x_wconf 89' lang='lat' dir='ltr'>uooe</span> <span class='ocrx_word' id='word_1_190' title='bbox 422 3351 429 3392; x_wconf 91' lang='lat'><strong>:</strong></span> <span class='ocrx_word' id='word_1_191' title='bbox 462 3330 561 3406; x_wconf 80' lang='lat' dir='ltr'>‘Quid</span> <span class='ocrx_word' id='word_1_192' title='bbox 575 3331 626 3391; x_wconf 90' lang='lat' dir='ltr'>uis</span> <span class='ocrx_word' id='word_1_193' title='bbox 640 3332 761 3392; x_wconf 83' lang='lat' dir='ltr'>modo?</span> <span class='ocrx_word' id='word_1_194' title='bbox 789 3330 864 3409; x_wconf 90' lang='lat' dir='ltr'>quid</span> <span class='ocrx_word' id='word_1_195' title='bbox 878 3332 941 3391; x_wconf 90' lang='lat' dir='ltr'>huo</span> <span class='ocrx_word' id='word_1_196' title='bbox 955 3329 1097 3392; x_wconf 82' lang='lat' dir='ltr'>uenisti?</span> 
     </span>
     <span class='ocr_line' id='line_1_31' title="bbox 146 3428 1098 3511; baseline 0.002 -22"><span class='ocrx_word' id='word_1_197' title='bbox 146 3448 211 3489; x_wconf 92' lang='lat' dir='ltr'>non</span> <span class='ocrx_word' id='word_1_198' title='bbox 226 3428 311 3489; x_wconf 88' lang='lat' dir='ltr'>enim</span> <span class='ocrx_word' id='word_1_199' title='bbox 325 3428 407 3489; x_wconf 90' lang='lat' dir='ltr'>mihi</span> <span class='ocrx_word' id='word_1_200' title='bbox 420 3429 538 3507; x_wconf 84' lang='lat' dir='ltr'>aliquid</span> <span class='ocrx_word' id='word_1_201' title='bbox 553 3430 698 3491; x_wconf 88' lang='lat' dir='ltr'>utilitatis</span> <span class='ocrx_word' id='word_1_202' title='bbox 709 3434 770 3511; x_wconf 28' lang='lat' dir='ltr'>,aut</span> <span class='ocrx_word' id='word_1_203' title='bbox 784 3430 896 3490; x_wconf 84' lang='lat' dir='ltr'>salutis</span> <span class='ocrx_word' id='word_1_204' title='bbox 912 3434 1001 3507; x_wconf 84' lang='lat' dir='ltr'>potes</span> <span class='ocrx_word' id='word_1_205' title='bbox 1014 3430 1098 3491; x_wconf 88' lang='lat' dir='ltr'>ultra</span> 
     </span>
     <span class='ocr_line' id='line_1_32' title="bbox 147 3526 1097 3607; baseline 0.003 -19"><span class='ocrx_word' id='word_1_206' title='bbox 147 3526 309 3589; x_wconf 59' lang='lat' dir='ltr'>conferre?</span> <span class='ocrx_word' id='word_1_207' title='bbox 351 3529 398 3588; x_wconf 91' lang='lat' dir='ltr'>At</span> <span class='ocrx_word' id='word_1_208' title='bbox 423 3528 497 3589; x_wconf 89' lang='lat' dir='ltr'>ille:</span> <span class='ocrx_word' id='word_1_209' title='bbox 532 3528 644 3605; x_wconf 74' lang='lat' dir='ltr'>‘Noli’</span> <span class='ocrx_word' id='word_1_210' title='bbox 674 3529 786 3607; x_wconf 86' lang='lat' dir='ltr'>inquit,</span> <span class='ocrx_word' id='word_1_211' title='bbox 815 3530 876 3590; x_wconf 85' lang='lat' dir='ltr'>‘ita</span> <span class='ocrx_word' id='word_1_212' title='bbox 905 3530 999 3607; x_wconf 75' lang='lat' dir='ltr'>loqui,</span> <span class='ocrx_word' id='word_1_213' title='bbox 1023 3531 1097 3591; x_wconf 90' lang='lat' dir='ltr'>uide</span> 
     </span>
     <span class='ocr_line' id='line_1_33' title="bbox 145 3626 1098 3706; baseline 0.002 -20"><span class='ocrx_word' id='word_1_214' title='bbox 145 3628 183 3686; x_wconf 86' lang='lat' dir='ltr'>ut</span> <span class='ocrx_word' id='word_1_215' title='bbox 205 3644 317 3686; x_wconf 85' lang='lat' dir='ltr'>sanum</span> <span class='ocrx_word' id='word_1_216' title='bbox 337 3626 460 3704; x_wconf 83' lang='lat' dir='ltr'>sapias’</span> <span class='ocrx_word' id='word_1_217' title='bbox 504 3626 614 3701; x_wconf 71' lang='lat' dir='ltr'>‘Nou’</span> <span class='ocrx_word' id='word_1_218' title='bbox 632 3627 745 3705; x_wconf 86' lang='lat' dir='ltr'>inquit,</span> <span class='ocrx_word' id='word_1_219' title='bbox 766 3628 912 3702; x_wconf 76' lang='lat' dir='ltr'>‘ineaniq</span> <span class='ocrx_word' id='word_1_220' title='bbox 934 3629 989 3689; x_wconf 85' lang='lat' dir='ltr'>aed</span> <span class='ocrx_word' id='word_1_221' title='bbox 1005 3630 1098 3706; x_wconf 83' lang='lat' dir='ltr'>pessi·</span> 
     </span>
     <span class='ocr_line' id='line_1_34' title="bbox 148 3724 1096 3805; baseline 0.005 -21"><span class='ocrx_word' id='word_1_222' title='bbox 148 3744 237 3786; x_wconf 88' lang='lat' dir='ltr'>mam</span> <span class='ocrx_word' id='word_1_223' title='bbox 251 3724 332 3785; x_wconf 90' lang='lat' dir='ltr'>mihi</span> <span class='ocrx_word' id='word_1_224' title='bbox 345 3724 529 3787; x_wconf 82' lang='lat' dir='ltr'>scientiam‘</span> <span class='ocrx_word' id='word_1_225' title='bbox 546 3728 650 3787; x_wconf 82' lang='lat' dir='ltr'>certus</span> <span class='ocrx_word' id='word_1_226' title='bbox 667 3746 742 3805; x_wconf 90' lang='lat' dir='ltr'>prae</span> <span class='ocrx_word' id='word_1_227' title='bbox 760 3726 858 3788; x_wconf 84' lang='lat' dir='ltr'>oculis</span> <span class='ocrx_word' id='word_1_228' title='bbox 873 3727 993 3788; x_wconf 83' lang='lat' dir='ltr'>habeo’</span> <span class='ocrx_word' id='word_1_229' title='bbox 1038 3728 1096 3789; x_wconf 86' lang='lat' dir='ltr'>‘Et</span> 
     </span>
    </p>
   </div>
   <div class='ocr_carea' id='block_1_5' title="bbox 143 3870 1096 4017">
    <p class='ocr_par' dir='ltr' id='par_1_7' title="bbox 143 3870 1096 4017">
     <span class='ocr_line' id='line_1_35' title="bbox 161 3870 1096 3929; baseline 0.006 -7"><span class='ocrx_word' id='word_1_230' title='bbox 161 3872 260 3922; x_wconf 76' lang='lat' dir='ltr'>¹alius</span> <span class='ocrx_word' id='word_1_231' title='bbox 272 3872 301 3923; x_wconf 86' lang='lat'>0.</span> <span class='ocrx_word' id='word_1_232' title='bbox 340 3870 480 3923; x_wconf 79' lang='lat' dir='ltr'>¹edil-li.</span> <span class='ocrx_word' id='word_1_233' title='bbox 535 3873 736 3927; x_wconf 66' lang='lat' dir='ltr'>&#39;uideaturlt</span> <span class='ocrx_word' id='word_1_234' title='bbox 780 3875 1001 3926; x_wconf 81' lang='lat' dir='ltr'>‘conscientiam</span> <span class='ocrx_word' id='word_1_235' title='bbox 1012 3876 1041 3927; x_wconf 86' lang='lat' dir='ltr'>C.</span> <span class='ocrx_word' id='word_1_236' title='bbox 1054 3876 1096 3929; x_wconf 78' lang='lat'>1³¹.</span> 
     </span>
     <span class='ocr_line' id='line_1_36' title="bbox 143 3952 549 4017; baseline 0.005 -12"><span class='ocrx_word' id='word_1_237' title='bbox 143 3952 197 4005; x_wconf 81' lang='lat' dir='ltr'>W&#39;.</span> <span class='ocrx_word' id='word_1_238' title='bbox 209 3955 241 4005; x_wconf 89' lang='lat' dir='ltr'>D.</span> <span class='ocrx_word' id='word_1_239' title='bbox 253 3954 296 4005; x_wconf 70' lang='lat' dir='ltr'>do.</span> <span class='ocrx_word' id='word_1_240' title='bbox 308 3970 315 4017; x_wconf 78' lang='lat'>3</span> <span class='ocrx_word' id='word_1_241' title='bbox 332 3956 495 4005; x_wconf 75' lang='lat' dir='ltr'>sententiam</span> <span class='ocrx_word' id='word_1_242' title='bbox 507 3956 549 4017; x_wconf 76' lang='grc' dir='ltr'>Α..</span> 
     </span>
    </p>
   </div>
   <div class='ocr_carea' id='block_1_6' title="bbox 0 0 1434 4334">
    <p class='ocr_par' dir='ltr' id='par_1_8' title="bbox 0 0 1434 4334">
     <span class='ocr_line' id='line_1_37' title="bbox 0 0 1434 4334; baseline 0 4"><span class='ocrx_word' id='word_1_243' title='bbox 0 0 1434 4334; x_wconf 95' lang='lat' dir='ltr'> </span> 
     </span>
    </p>
   </div>
  </div>
 </body>
</html>
