2859 4334
276 257 342 322 378
582 255 744 325 Historia
764 256 932 324 abbatam

276 436 400 494 aeterne
427 432 593 509 felicitatis,
620 433 799 495 serenitatis
821 437 854 495 et
876 434 964 496 lueis.
1008 434 1228 497 (Ξοιιιιιιιιίιιιιι1

276 530 389 592 iratres
401 531 440 592 ad
454 532 639 608 aecclesiam,
653 531 815 594 insomnes
828 532 1020 594 orationibus
1033 537 1065 594 st
1078 532 1229 612 psalmis'

277 630 456 708 transigunt
483 630 609 691 umbras
639 632 760 706 noctis;
793 636 826 693 et
859 635 1006 708 paternae
1040 632 1230 693 demonis

277 730 400 807 pondus
413 728 563 791 continua
583 729 709 791 diuinae
722 730 824 791 laudis
842 730 1057 792 modulatione
1075 732 1226 793 solantur.

277 827 344 889 Alii
358 827 535 888 cubiculum
549 828 584 888 in
599 848 661 905 quo
675 847 755 905 eger,
771 829 878 889 animo
892 830 1039 891 robustus
1051 832 1231 907 egressum⁸

277 925 389 987 mortis
410 928 441 986 st
461 926 545 987 uitae
568 926 750 1003 expectabat
772 926 957 1004 ingressum,
980 948 1046 989 non
1070 928 1227 989 deserunt

279 1024 488 1101 Euangelium
516 1026 582 1086 tota
608 1028 699 1086 nocte
726 1046 783 1103 pro
810 1025 926 1087 doloris
951 1027 1116 1102 leuamine,
1145 1028 1231 1105 quod

278 1125 310 1184 et
330 1122 400 1183 aliis
419 1123 564 1184 noctibus
580 1123 648 1184 fieri
668 1128 840 1200 consuerat,
857 1145 876 1186 a
892 1127 1073 1203 presbytero
1094 1126 1230 1204 legiam

276 1221 428 1283 dominici
461 1222 598 1299 corporis
629 1226 661 1283 et
693 1223 857 1300 sanguinis
888 1227 1119 1286 sacramentum
1150 1225 1232 1285 hora

277 1321 380 1382 exitus
400 1322 540 1381 instante
559 1342 617 1399 pro
637 1322 750 1383 uiatico
770 1324 883 1398 detur3
910 1328 944 1384 et
963 1324 1009 1384 sio
1029 1324 1135 1384 anima
1152 1321 1156 1402 1
1174 1324 1232 1385 illa
1249 1338 1269 1380 f.
1282 1340 1346 1381 noe

278 1423 385 1481 sancta
419 1420 522 1496 longis
560 1420 755 1498 flagellorum
796 1422 937 1483 felicium
973 1427 1099 1485 excocta
1119 1418 1231 1500 atque

279 1520 455 1579 examinata
480 1519 617 1581 fiammis
644 1520 766 1581 luteum
794 1522 896 1581 earnis
919 1521 1077 1581 fornacem
1103 1522 1227 1596 deserit,
1249 1536 1353 1641 otha

279 1622 485 1695 etsupernae
508 1618 603 1679 beatit
605 1619 710 1679 udinis
732 1620 832 1681 libera
851 1620 993 1698 peruolat
1019 1622 1058 1681 ad
1085 1595 1303 1698 gloriam.¹¹'

280 1717 377 1779 Cuius
403 1716 559 1795 segressui
586 1717 848 1794 uictoriosissimo,
872 1739 974 1797 neque
1001 1720 1040 1780 ab
1068 1719 1234 1779 inmundis

280 1816 372 1893 spint
348 1816 444 1877 'tibus
480 1815 678 1893 aliquatenus
712 1818 914 1894 impediendo
951 1817 1003 1877 uel
1037 1817 1230 1891 retardando,

281 1914 376 1975 etiam
390 1915 531 1992 psalmus
549 1916 604 1991 qui
618 1918 688 1975 tum
701 1935 759 1992 pro
772 1936 809 1977 oo
822 1916 997 1991 canebatur,
1013 1916 1234 1977 testimonium

280 2015 340 2076 dat.
386 2014 530 2090 Namque
551 2014 661 2074 fratres
682 2014 721 2074 ad
746 2014 925 2076 aecclesiam
951 2014 1105 2093 principio
1132 2016 1236 2074 noctis

281 2116 507 2189 concurrentes,
534 2112 738 2189 psalterium⁴
761 2133 799 2174 ex
822 2114 932 2174 ordine
955 2114 1166 2188 decantantes,
1192 2112 1235 2173 ad
1417 2192 1418 2195 Ἴ

280 2212 505 2289 octogesimum
524 2212 600 2271 tune
620 2214 652 2271 et
668 2212 842 2272 secundum
854 2213 1009 2272 cantando
1026 2216 1235 2289 peruenerant
1416 2200 1418 2277 l

281 2311 446 2390 psalmum,
472 2310 525 2388 qui
549 2310 673 2370 habet'
663 2330 698 2369 ιιι
724 2310 844 2387 capite:
877 2311 980 2370 ‘Deus
1006 2311 1077 2387 quis
1085 2310 1234 2370 ‘similis
1251 2324 1398 2371 Ριιωιι

280 2411 340 2470 erit
367 2409 470 2469 tibil’
512 2409 608 2469 Cuius
634 2411 722 2469 totus
756 2409 815 2469 hoc
849 2412 973 2469 resonat
1004 2412 1118 2484 textus,
1148 2399 1272 2486 quod*

279 2508 400 2568 inimici
423 2508 563 2568 nominis
583 2508 702 2569 christi
726 2508 794 2568 siue
817 2508 955 2568 carnales
976 2509 1043 2568 siue
1065 2507 1230 2586 spiritales,

280 2626 403 2684 semper
427 2606 605 2666 aecclesiam
627 2606 752 2680 Christi,
775 2624 899 2684 semper
917 2606 1056 2666 animam
1077 2625 1235 2684 quamque
1251 2620 1283 2664 et
1298 2620 1378 2667 nin
1416 2594 1418 2659 l

281 2704 407 2765 fidelem
421 2706 597 2781 disperdere
611 2724 645 2764 ac
664 2704 815 2784 dissipare
833 2709 1005 2779 conentur;
1026 2705 1080 2765 sed
1095 2724 1113 2763 e
1126 2707 1288 2795 contram
1252 2679 1345 2725 ΔΜ
1365 2696 1391 2723 ’“

246 2846 248 2849 -
281 2804 342 2881 ipsi
363 2802 486 2863 confusi
506 2806 538 2863 et
558 2806 632 2863 cont
618 2803 737 2864 turbati
756 2804 823 2865 sint
846 2804 1013 2882 perituri'
1002 2822 1038 2864 ιιι
1062 2802 1232 2877 saeculum,

282 2904 453 2963 eneruante
465 2902 538 2962 illos
552 2902 696 2978 Domino,
714 2903 765 2962 eui
778 2922 843 2963 non
863 2907 911 2962 est
929 2902 1095 2979 quisquam
1109 2900 1236 2973 similis,

283 3001 338 3078 qui
352 3002 399 3060 est
414 3000 517 3061 solus‘
530 3001 702 3061 altissimus
716 3020 809 3078 super
829 3021 956 3062 omnem
972 3003 1096 3062 terram.
1141 3000 1238 3060 Unde

281 3102 365 3160 recte
385 3099 516 3160 dabatur
539 3098 678 3176 intellegi
703 3100 832 3161 caelitus
854 3100 1080 3178 dispensatum,
1105 3101 1142 3158 ut
1163 3098 1238 3159 talis

282 3198 436 3258 diceretur
448 3178 589 3275 pealmus
603 3218 639 3257 ea
652 3198 729 3258 hora
742 3218 805 3275 qua
817 3200 917 3259 exiret
925 3199 964 3259 de
977 3218 1105 3275 corpore
1118 3198 1234 3271 anima,

282 3296 332 3355 cui
345 3297 474 3357 iuuante
489 3296 625 3357 Domino
639 3297 747 3356 nullus
760 3296 937 3375 praeualere
956 3300 1061 3374 posset
1075 3296 1233 3359 inimicus,

283 3391 499 3451 Sextodecimo
526 3394 690 3469 postquam
714 3391 944 3452 monasterium
968 3390 1116 3450 fundauit
1139 3412 1232 3464 anno,

284 3485 405 3561 quieuit
432 3486 467 3544 in
494 3486 631 3546 Domino
658 3486 824 3561 confessor,
847 3485 967 3562 pridie⁷
989 3485 1102 3545 iduum
1127 3485 1236 3547 Ianua·

285 3583 410 3659 riarum,
435 3585 598 3661 sepultus⁸
618 3584 653 3644 in
676 3584 822 3645 aecclesia
843 3584 948 3645 beati⁹
968 3583 1102 3661 apostoli
1125 3586 1235 3658 Petri3

318 3744 456 3796 ¹·nerunt
469 3748 501 3799 D.
516 3748 544 3797 P.
557 3748 586 3798 G.
597 3748 628 3799 B.
642 3748 672 3799 F.
760 3748 881 3799 'salmis
891 3750 938 3810 H„
949 3756 980 3801 Δ.
1069 3748 1154 3800 'eus
1163 3750 1235 3801 121².

286 3824 315 3874 c.
329 3824 359 3873 B.
372 3825 400 3874 F.
501 3825 555 3875 ‘et
567 3826 627 3877 salt.
638 3833 670 3877 Δ.
768 3828 842 3889 ‘qui
853 3828 898 3889 H„
910 3834 943 3878 Δ.
1040 3823 1232 3879 ‘solusestn

286 3898 431 3951 'secunda
441 3902 485 3953 die
497 3903 525 3953 F.
537 3901 568 3954 B.
636 3903 646 3931 ⁸
662 3918 715 3968 sep.
727 3907 769 3954 cst
780 3910 812 3955 Δ.
845 3905 953 3956 ⁸baati
964 3904 1009 3967 11„
