2859 4334
131 255 311 321 cmxxvii
431 245 547 312 Gentis
570 245 775 330 Aaplorwm.
1016 243 1080 308 189

131 421 225 482 huius
239 421 329 498 cupio
339 420 373 481 in
387 421 533 482 ommhus
547 420 688 481 oboedire
705 418 850 492 statutis3
871 437 912 478 ne
924 416 1011 489 forte,
1028 436 1080 479 me

131 521 317 581 adueniente
327 520 366 580 ad
379 519 461 580 tores
473 520 562 598 regni
571 518 734 594 caelorum,
745 537 810 577 non
823 517 864 578 sit
873 516 929 594 qui
937 518 1053 577 reserat
1058 515 1076 591 ¹,

131 639 240 680 auerso
254 619 317 694 illo,
334 619 389 696 qui
402 619 503 679 claues
516 621 621 679 tenere
635 609 802 694 probatur?

171 717 259 778 Haec
280 718 400 778 dicente
420 737 499 795 rege,
520 717 666 778 sanarunt
685 716 861 776 adsidentes
880 713 995 791 quique
1014 713 1081 773 sine

130 815 289 876 adstantes
315 816 446 876 maiores
469 834 626 875 unacum
649 811 863 887 mediocribus,
887 814 919 872 et
942 810 1081 871 abdicata

131 915 237 974 minus
250 914 386 991 perlecta
398 913 602 988 institutione,
618 913 658 974 ad
672 932 716 988 ea,
733 931 813 989 quae
826 910 954 970 meliora
972 928 1080 988 cogno·

130 1016 249 1088 nerant,
265 1033 332 1073 sese
345 1013 512 1074 transferre
525 1012 723 1074 festinabant.

487 1275 578 1338 CAP.
602 1274 722 1337 XXVI.

134 1447 161 1492 Ut
173 1447 269 1492 Colman
277 1446 353 1491 aidus
363 1423 574 1500 demumradtcrltf
584 1423 682 1490 ellada
690 1457 734 1500 pro
744 1426 782 1488 allo
789 1443 919 1498 maoopatu
925 1443 956 1487 stt
960 1441 1079 1498 sanatam

298 1524 418 1580 qualiaque
427 1523 475 1568 stlta
485 1521 691 1577 anamemsaear
700 1523 795 1568 latitas
804 1521 916 1568 maetas.

170 1675 347 1746 Fimoqas
360 1674 514 1749 conflictu,
530 1693 566 1734 ac
576 1671 678 1734 solnta
691 1673 864 1748 contione‘,
881 1671 1040 1750 Agilberot
1041 1691 1079 1732 us
1096 1681 1200 1727 Colman

129 1773 366 1834 domumrediit
394 1773 524 1834 Colman
534 1773 789 1850 mdensspretam
799 1792 888 1832 suam
897 1771 1079 1839 doctrinam
1095 1742 1224 1847 quw}

128 1874 307 1949 sectamque
329 1891 396 1932 esse
420 1872 598 1948 dispectam‚
615 1871 769 1931 adsumtis
788 1871 846 1946 his,
860 1869 914 1948 qui
937 1889 970 1929 se
992 1870 1080 1945 sequi

130 1970 308 2044 uoluerunt,
330 1971 361 2031 id
382 1973 429 2032 eet
450 1971 504 2048 qui
524 1970 636 2047 pascha
657 1973 705 2030 cat
691 1970 842 2030 tholicum
864 1972 896 2030 et
916 1973 1079 2029 tonsuram

128 2088 260 2129 coronae
284 2067 372 2149 (nam
393 2072 426 2130 et
448 2069 486 2129 de
506 2069 565 2130 hoc
589 2069 727 2146 quaestio
751 2088 816 2140 non
843 2068 975 2128 minima
1001 2067 1080 2144 erat)

129 2169 263 2246 recipere
286 2168 442 2242 nolebant,
464 2168 612 2229 Scottiam
634 2186 790 2245 regressus
812 2169 867 2240 est,
891 2169 1080 2227 tractaturus

129 2287 202 2326 cum
225 2267 298 2342 suis,
320 2267 394 2346 quid
417 2267 528 2327 dehis
550 2267 649 2326 facere
673 2266 805 2326 deberet
849 2264 941 2341 cada
965 2265 1080 2325 relictis

129 2365 309 2426 Scottorum
337 2365 482 2444 uestigiis,
512 2365 550 2426 ad
583 2383 671 2426 suam
705 2364 812 2425 sedem
842 2365 992 2435 rediit,u
971 2365 1080 2440 utpote

127 2465 233 2542 agnita
247 2465 461 2526 obseruatione
473 2464 615 2524 catholici
624 2464 763 2541 paschae
808 2463 900 2524 Facta
914 2482 946 2523 es
947 2465 1079 2523 tantem

128 2563 203 2624 haec
214 2563 352 2640 quaestio
362 2583 444 2624 anno
454 2563 626 2624 dominicae
636 2561 855 2623 incarnationis
865 2560 1068 2621 DCLXIIII⁰
1068 2605 1076 2634 ‚

128 2661 184 2738 qni
197 2661 258 2722 fuit
270 2679 373 2722 annus
387 2662 482 2723 Osuiu
497 2662 577 2740 regis
585 2660 722 2738 xx11u·‚
744 2659 749 2738 Ι
768 2661 961 2738 episcopatus
971 2662 1076 2720 antem

128 2761 316 2835 Scottorum,
340 2760 454 2836 quem³
473 2764 635 2837 gesserunt
655 2760 689 2819 in
709 2759 868 2836 prouincia
887 2759 1074 2837 Anglornm‚

128 2878 233 2919 annus
267 2858 411 2930 XXX¹¹¹;
446 2859 599 2936 siquidem
627 2858 732 2920 Aidan
759 2856 791 2917 X
818 2861 850 2918 et
876 2856 942 2918 VII
976 2857 1076 2932 annis,

129 2957 229 3018 Finan
246 2958 359 3032 decem,
377 2956 508 3018 Colman
522 2957 621 3018 tribus
634 2957 845 3033 episcopatum
858 2959 994 3016 tenuere.

168 3057 307 3116 Reuerso
329 3059 435 3116 autern
456 3056 588 3132 patriam
610 3055 769 3131 Colmano,
788 3055 923 3131 suscepit
946 3073 1002 3130 pro
1023 3053 1078 3113 illo
1094 3060 1164 3107 Tuda

127 3153 345 3233 pontificatum
387 3153 744 3232 Ncrdanhymbrorum‘
786 3153 923 3213 famulus
964 3151 1080 3212 Christi
1094 3121 1215 3168 rumam

127 3255 224 3328 Tude,
243 3253 380 3330 quierat
400 3252 482 3330 apud
504 3252 576 3313 Scct
577 3256 626 3312 tos
645 3251 801 3324 austrinos
821 3251 1017 3325 erudituat
984 3270 1003 3310 a
1019 3271 1078 3328 que

128 3351 291 3412 ordinatus
313 3351 481 3429 episcopus,
508 3350 627 3410 habens
649 3350 736 3411 iuxta
758 3369 879 3410 morem
902 3349 1078 3426 prouinciae

127 3449 214 3510 illius
236 3469 381 3510 coronam
402 3452 547 3511 tonsurae
567 3448 815 3524 ecclesiastiae⁵,
842 3451 874 3508 et
895 3447 1077 3508 catholicam

128 3547 277 3624 temporis
303 3547 455 3626 paschalis
481 3546 620 3626 regulam
654 3545 842 3621 obseruans;
876 3545 925 3605 uir
952 3545 1078 3623 quidem

129 3643 233 3708 bonus
253 3665 287 3706 ac
306 3646 475 3724 religiosus,
492 3645 546 3706 sed
565 3643 743 3722 permodico
759 3647 898 3721 tempore
918 3643 1078 3705 ecclesiam

162 3829 171 3859 ¹
189 3833 288 3880 reseret
298 3827 340 3880 B'.
434 3825 444 3856 ²
460 3829 598 3878 contentio
609 3829 651 3890 N3
668 3827 848 3877 contentione.
860 3827 892 3876 D.
904 3827 951 3888 11„
975 3827 1013 3886 0,
1027 3829 1074 3878 &a

131 3905 564 3972 ’quamlauuoemaa
630 3905 809 3957 ‘nortun-C.
873 3905 1013 3957 ’cama
