2859 4334
461 253 598 315 cucwrc
619 248 810 336 Aooupmo.
1046 249 1112 316 391

158 420 285 493 ipsorum
295 419 487 493 praepeditur.
512 420 1112 495 Egrediturcum¹turribuloudoratorium

160 510 240 567 beati
256 510 406 567 Laurentii
422 510 563 581 martyris,
576 511 651 581 quod
667 515 711 569 est
726 511 777 566 in’
796 511 963 568 dormitorio
981 512 1111 577 fratrum,
1198 570 1202 578 ,

50 604 123 686 qvi.
162 602 320 670 sequuntur
332 602 362 655 et
374 599 430 670 ipsi
446 602 598 656 cantantes
610 599 799 671 antiphonam
811 601 847 657 de
863 601 1019 672 propheta:
1038 600 1112 657 ‘Uia

38 756 43 767 ι
162 686 302 743 iustorum
312 690 390 744 recta
401 688 480 744 facta
491 691 542 753 est,
551 691 581 745 et
594 686 651 744 itsr
662 691 823 744 sanctorum
834 692 1036 759 praeparatum
1050 690 1112 753 est,'

32 782 106 827 xxiii.
120 784 143 827 8.
163 778 194 831 ct
207 774 419 833 ‘ambulantes³
430 776 467 833 de
480 776 589 833 sutore
602 775 634 831 in
645 775 800 842 uirtutem,'
814 777 949 833 adiuncto
961 780 992 833 et
1003 777 1112 847 psalmo

29 880 44 911 ι.
58 866 124 911 lxvi.
162 863 337 935 sexagesimo
350 868 440 932 sexto,
461 864 551 921 ‘Deus
564 864 734 922 misereatur
745 865 834 931 nobis,
848 869 878 921 et
889 864 1043 921 benedicat
1054 883 1113 928 nos,

161 952 337 1009 inluminet*
354 953 468 1008 uultum
487 970 568 1008 suum
587 971 672 1023 snper
693 969 752 1019 nos,
778 956 808 1009 et
831 953 1000 1010 misereatur
1017 953 1115 1010 nobis!

161 1040 200 1097 Et
224 1041 266 1096 ibi
283 1041 399 1097 incenso
417 1042 502 1099 thure
522 1042 627 1107 exiens,
646 1059 756 1097 rursum
774 1042 939 1112 adloquitur
954 1059 1061 1107 omnes,
1080 1045 1115 1097 ut
1152 1104 1156 1109 ,
1199 1115 1202 1120 ⁴

162 1146 262 1200 pacem
275 1128 401 1185 inuicem
413 1133 536 1195 seruent,
544 1129 581 1186 ab
594 1129 674 1196 odiis,
683 1130 919 1199 detractionibus,
929 1134 960 1187 et
971 1131 1113 1187 scandalis

162 1222 292 1286 caueant,
316 1221 469 1288 peccantes
496 1236 621 1289 quosque
647 1218 730 1274 iuxta
752 1223 940 1290 praeceptum
967 1220 1113 1291 euangelii

162 1304 269 1377 singuli
280 1305 413 1375 primum,
427 1306 530 1363 deinde
543 1306 605 1362 bini
617 1308 664 1363 uel
676 1306 753 1363 terni
764 1308 965 1377 adloquantur,
976 1312 1063 1378 atque
1076 1308 1113 1363 ad

162 1392 241 1448 uiam
265 1392 399 1449 ueritatis
422 1410 556 1451 reuocare
580 1398 721 1464 satagent,
744 1399 782 1463 et,
800 1395 826 1451 si
845 1398 955 1451 fructus
978 1399 1114 1467 sequatur

163 1480 361 1547 industriaml,
380 1482 532 1554 gaudeant,
552 1482 596 1539 sin
614 1483 693 1549 alias,
712 1484 754 1540 sic
774 1485 892 1541 tandem
910 1486 947 1540 ad
964 1484 1113 1555 publicum

163 1586 262 1626 eorum
275 1573 369 1626 errata
380 1571 534 1641 proferant,
548 1572 730 1627 concordiam
739 1572 937 1643 unitatemque
946 1590 1113 1644 germanam

163 1676 229 1715 cum
246 1658 387 1722 fratribus,
406 1659 455 1729 qui
475 1662 570 1715 essent
588 1660 625 1715 ad
646 1663 777 1716 sanctum
796 1660 925 1729 Paulum,
942 1661 1112 1726 custodiant,

165 1764 253 1802 unum
266 1749 449 1817 utrorumque
462 1747 668 1805 monasterium
681 1766 742 1805 esse
754 1748 947 1814 meminerint,
961 1750 998 1804 ab
1011 1750 1111 1806 eodem

165 1852 276 1906 semper
288 1836 391 1893 abbate
405 1836 571 1907 regendum,
584 1854 619 1893 ne
633 1840 718 1907 rupto
729 1836 851 1892 interim
859 1837 973 1893 foedere
982 1838 1115 1894 fraterni·

165 1922 255 1989 {tatis
276 1923 419 1993 pandatur
443 1924 549 1981 arteris
573 1923 661 1981 ianua
684 1924 805 1981 nociuae
824 1925 1006 1995 inruptionis,
1032 1926 1114 1981 iuxta

166 2012 329 2082 exemplum
354 2011 484 2069 Hebreae
509 2012 611 2083 plebis,
637 2030 717 2083 quae,
741 2016 776 2071 ut
801 2031 854 2085 per
877 2014 1032 2070 stultitiam
1061 2015 1115 2069 filii

164 2098 325 2155 Salomonis
344 2104 444 2156 contra
461 2099 583 2173 seipsam
601 2099 695 2156 diuisa
713 2105 764 2165 est
784 2118 931 2171 nunquam
955 2104 1076 2158 externa
1096 2119 1115 2157 a

166 2187 248 2244 clade
261 2187 372 2258 quieuit
380 2188 398 2245 ⁸.

203 2279 245 2331 26.
264 2276 414 2347 Completa
426 2277 606 2342 allocutione,
617 2295 711 2332 rursus
718 2278 870 2348 adsumpta
878 2278 1039 2349 antiphona
1051 2298 1116 2335 cum

46 2352 74 2383 ¹·
166 2364 275 2435 psalmo
294 2369 453 2421 memorato
477 2365 664 2437 egrediuntur
686 2366 723 2421 ud
742 2366 870 2428 fluuium,
895 2365 1032 2438 lugubre⁷
1054 2386 1117 2424 car·

166 2451 243 2509 mine
263 2457 376 2523 patrem
388 2456 489 2523 utpote
501 2454 560 2509 iam
572 2454 752 2510 decessurum
764 2454 946 2523 deducentes,
959 2455 1116 2527 itidemque

165 2540 287 2613 singulis
308 2542 435 2598 osculum
453 2542 533 2613 pacis
557 2543 616 2610 dat,
640 2542 804 2613 intercepto
825 2542 920 2614 sepius
936 2547 1024 2599 cantu
1048 2561 1117 2614 prae

166 2627 298 2693 lacrimis,
312 2633 342 2686 et
354 2630 432 2686 dicta
443 2630 474 2685 in
487 2630 572 2687 litore
586 2630 723 2697 oratione,
736 2629 869 2687 ascendit
884 2648 995 2697 nauem,
1011 2630 1118 2687 residet

166 2716 197 2771 in
221 2717 334 2788 proral,
355 2720 487 2775 sederunt
508 2718 612 2775 iuxta⁹
632 2718 773 2783 diacones,
797 2737 870 2774 unus
893 2737 1015 2784 crucem,
1032 2738 1117 2790 quam

166 2806 282 2873 iecerat,
294 2826 416 2873 auream,
429 2809 505 2865 alter
517 2808 657 2865 caereaa¹⁰
668 2812 770 2865 tenens
781 2808 922 2865 ardentes.

202 2910 244 2964 27.
263 2897 401 2954 (lumenta
425 2900 504 2953 trans
526 2897 645 2953 fluuium
669 2896 749 2960 naui,
768 2900 917 2968 aspectans
938 2900 1038 2955 contra
1058 2916 1118 2955 me·

165 2986 332 3043 rantes'buo
354 2986 484 3042 abscessu
508 2986 619 3053 iratres,
644 2985 817 3056 audiensque
842 3002 944 3040 sonum
966 2986 1116 3043 sublimem

166 3072 252 3129 mixti
265 3092 328 3130 cum
342 3074 419 3130 luctu
435 3072 580 3139 carminis,
592 3074 758 3130 nullatenus
773 3073 867 3129 ualuit
882 3073 942 3145 ipse
958 3092 977 3129 a
988 3074 1117 3145 singultu

166 3165 197 3219 et
221 3160 346 3218 lucrinus
370 3166 538 3232 temperare.
588 3162 649 3218 Hoc
679 3164 776 3217 autem
804 3160 896 3216 solum
922 3161 1023 3218 crebra
1046 3180 1116 3218 uoce

165 3250 299 3321 repetiit:
314 3250 449 3315 ‘cunata
462 3250 651 3307 miesrereilli
663 3250 775 3308 caetui!
796 3249 917 3307 Domine
927 3250 1116 3321 omnipotens.

165 3342 282 3411 protege
296 3338 377 3395 illam
389 3338 553 3396 cohortem!
574 3338 638 3395 Soio
654 3342 751 3395 sutem
767 3337 925 3395 certissime
943 3338 1012 3409 quia
1024 3338 1118 3395 nullos

166 3444 300 3497 umquam
313 3426 445 3484 meliores
457 3426 517 3482 illis
529 3430 559 3483 et
574 3426 762 3498 promptiores
774 3426 810 3483 ad
830 3426 1025 3484 obedientiam
1039 3428 1116 3484 noui.

201 3608 209 3638 ¹
225 3609 326 3659 deinde
337 3625 399 3659 oum
410 3611 432 3661 Ι.
547 3608 557 3639 ¹
572 3611 727 3674 proximum
739 3611 760 3659 t.
876 3608 887 3637 ¹
903 3610 984 3659 ibunt
995 3612 1082 3659 sancti
1093 3612 1116 3661 δ.

166 3685 177 3717 ⁴
195 3702 240 3737 -ns
252 3688 288 3739 H.
382 3688 392 3719 ⁸
409 3689 553 3753 industria,
566 3694 621 3741 utet
631 3689 667 3739 ds
678 3692 778 3738 immed
788 3690 860 3747 tason
870 3692 890 3736 c
900 3692 967 3737 stoue
976 3694 1011 3737 tto
1020 3692 1068 3737 bns
1080 3690 1117 3741 Η.

166 3764 176 3796 ⁸
192 3770 223 3815 So
240 3768 253 3815 t
266 3770 369 3828 ιιρὴθνς
387 3782 527 3831 nunquam
539 3765 589 3817 'ad'
600 3770 713 3817 externa
724 3766 865 3829 adquieuit
882 3766 918 3827 H,
931 3768 986 3815 wilt
1002 3782 1114 3818 erasmo.

166 3840 176 3871 ¹
193 3846 413 3901 ritmorum.
490 3848 498 3871 ‘
515 3846 1001 3907 son,1araerasursoermranoo;
1018 3845 1117 3897 inloco

166 3924 256 3987 priore
267 3926 288 3975 t.
353 3924 364 3954 ⁹
380 3924 456 3975 iuxta
465 3940 529 3975 cum
540 3927 560 3976 δ.
627 3922 647 3953 ²⁰
663 3938 752 3975 cereos
762 3926 783 3973 t.
