2859 4334
353 236 396 299 96
623 228 779 302 Historia
800 235 1033 302 Eeolesiastinn
1187 241 1285 307 [ιιιιι.

352 409 471 486 Hocque
493 412 580 470 etiem
602 411 655 471 ma
676 413 760 471 uobis
782 412 977 487 repensatione
998 410 1144 470 cordatum
1167 413 1214 479 est,
1234 419 1285 478 ena

351 509 480 568 iniuneto
500 511 658 570 ministerio
678 511 784 584 iupiter
794 512 980 585 persistentes
997 509 1139 569 laudabili
1157 502 1285 583 putentia

352 608 554 668 redemtionem
570 610 665 682 pentis
683 609 764 668 illius
781 609 963 683 eespeetastis
969 607 987 683 ¹,
1007 612 1034 668 et
1051 608 1164 682 uestris,
1184 609 1217 664 ut
1228 617 1285 676 pre

346 706 473 781 picerent,
503 708 614 766 nuntie
640 725 738 768 mmm
765 712 808 767 est
837 707 963 767 saluatia
993 707 1162 782 propinata,
1192 701 1285 762 aiente

351 803 499 864 Domino:
531 805 605 880 ‘Qui
622 805 851 880 perseuerauerit
866 823 957 879 usaue
974 807 1007 864 in
1015 805 1117 878 finem
1135 804 1181 862 lie
1197 799 1285 860 saluus
1297 800 1377 848 melu

351 903 425 962 erit’
466 903 583 963 Saluuii
603 921 668 978 erpo
687 906 756 964 estis
774 906 998 980 spepatientiae
1015 907 1043 964 et
1060 903 1224 964 tolerantiae
1237 897 1286 956 uir
1296 878 1369 990 {so

352 1005 419 1076 tute,
444 1007 479 1062 ut
494 1003 658 1076 infidelium
677 1004 763 1063 eorda
782 1003 915 1063 namrali
934 1021 968 1062 ae
985 1003 1181 1077 superstitioso
1202 995 1285 1058 norbo
1296 991 1357 1026 *ω’*

345 1105 482 1174 purpata,
520 1103 568 1160 sui
601 1106 840 1176 consequerentur
870 1101 1095 1162 miseriaordiam
1127 1095 1282 1160 summ

350 1199 494 1274 Suseeptis
520 1218 645 1274 namque
665 1202 796 1275 apicibus
813 1201 874 1274 fili-i
897 1202 991 1260 nostri
1010 1196 1196 1259 Adulnaldi²
1214 1194 1282 1269 repit·

350 1301 537 1372 repperimus,
549 1305 659 1374 quauta
673 1302 750 1360 saeri
760 1301 864 1374 eloquii
875 1300 1034 1358 eruditione
1047 1300 1110 1358 eius
1119 1300 1246 1358 animun
1254 1289 1285 1351 ul

350 1413 437 1456 uerae
451 1401 645 1459 eonuosionis
662 1404 689 1458 et
702 1399 885 1459 indubitatae
898 1399 971 1472 fidoi
988 1395 1285 1469 summensteten

351 1495 432 1554 nitas
457 1501 553 1557 uestra
576 1497 753 1572 pertinuerit
812 1498 878 1574 Qua
904 1515 939 1556 ea
964 1515 995 1558 re
1022 1496 1056 1555 de
1085 1492 1286 1570 immaniuitate

351 1594 514 1655 elementiae
528 1598 656 1656 caelestis
665 1601 772 1656 certam
785 1597 969 1656 admnuntes
975 1595 1128 1670 fiduoiam,
1139 1612 1198 1653 non
1207 1591 1285 1652 mun

350 1695 947 1769 suppositammeipentiumplenissimam
954 1694 1287 1768 satutemimmoqmme

351 1793 526 1868 uieinomm,
543 1798 655 1853 uestrae
665 1794 891 1868 praedicationis
909 1794 1070 1852 ministerio
1082 1791 1224 1851 eredimus
1234 1785 1286 1848 ml

351 1893 546 1966 sequendonn5
582 1894 729 1968 quatinus,
759 1894 834 1952 siant
860 1894 998 1968 mptum
1031 1895 1081 1965 est,
1112 1884 1288 1951 wnmrnnall

350 1992 443 2064 operis
456 1992 539 2050 uobis
551 2009 655 2051 meroes
667 2011 687 2051 a
700 1992 869 2050 retributore
882 1992 1015 2051 omnium
1025 1991 1167 2050 mmmm
1175 1987 1287 2048 Domina

351 2089 504 2163 tribuetur,
535 2094 562 2149 et
592 2106 659 2149 uere
689 2089 757 2165 ‘per
789 2106 901 2149 omnem
935 2094 1043 2149 terram
1076 2089 1165 2148 esisse
1196 2099 1287 2146 moun
1299 2076 1377 2128 mxii

350 2204 456 2260 eorum,
474 2192 501 2246 et
513 2189 546 2246 in
554 2188 634 2261 fines
649 2188 726 2248 orbis
739 2192 832 2248 terrae
851 2189 941 2248 uerbo
958 2186 1109 2262 ipmm'
1125 2181 1287 2246 inuentis
1298 2160 1372 2248 lm

348 2288 478 2360 pontium
498 2287 646 2362 consessio,
669 2291 797 2362 mseepto
818 2285 1003 2348 Christianae
1023 2289 1200 2346 somamento
1214 2279 1283 2357 fidei,
1299 2268 1347 2309 ²¹⁵

347 2389 525 2460 protestetur.

391 2485 522 2544 Pettium
541 2489 687 2558 praeterea
701 2484 894 2560 perlatorem
905 2486 1107 2560 praesentium
1117 2479 1286 2558 fratemiiati

204 2577 220 2606 ¹¹
233 2597 238 2608 ·
351 2586 426 2656 tuae,
444 2584 628 2658 benipnitatis
640 2583 746 2644 studiis
758 2584 890 2658 inuitati,
901 2584 1065 2656 direximus,
1082 2583 1160 2657 quod
1172 2579 1285 2640 uideliul

351 2687 466 2742 tontum
486 2685 519 2742 in
539 2685 729 2742 saerosanctis
746 2683 920 2742 celebrandis
936 2683 1081 2757 mysteriis
1100 2681 1200 2740 nundi
1219 2680 1285 2738 licen

352 2781 422 2840 tiam
442 2781 690 2855 imperauimns''‚·
720 2781 900 2840 concedentes
922 2781 1010 2839 etiam
1031 2780 1084 2838 tibi
1108 2779 1285 2840 ordinationes

349 2881 549 2954 episcoporum,
577 2880 703 2953 aripente
725 2881 925 2954 oportemitala
952 2878 1076 2937 Domini
1096 2876 1284 2952 monimenti

349 2979 551 3051 misericordia,
576 2977 732 3049 celebrare;
762 2977 805 3038 ita
825 2982 859 3036 ut
880 2975 988 3039 Christi
1010 2977 1193 3052 euanpelium
1209 2972 1284 3050 pluti-

349 3095 462 3136 morum
482 3077 705 3136 adnuntiatione
723 3077 757 3134 iu
775 3077 910 3157 erunibus
927 3077 1068 3150 pentibus,
1086 3093 1162 3150 quae
1180 3073 1283 3134 malm

349 3193 504 3236 conuersae
517 3180 592 3250 sunt,
606 3175 749 3234 dilatetur.
784 3175 905 3235 Student
915 3193 980 3250 erpo
994 3179 1046 3236 tua
1053 3175 1227 3248 fraternitas
1235 3173 1281 3241 loe,

350 3273 1191 3350 quodsedisapostolieaebunmnitateperoepit,iutemerata
1198 3271 1283 3330 nentis

349 3375 510 3434 sinceritate
518 3391 640 3447 seruare,
647 3373 799 3432 intendens
807 3374 889 3432 euius
898 3375 940 3432 rei
950 3373 1143 3432 similitudine
1153 3377 1283 3445 tornpree

350 3474 465 3545 cipimm
484 3473 686 3530 indumentum
702 3471 828 3530 numeris
847 3473 906 3532 tuis
926 3471 1119 3531 baiulandum
1132 3469 1279 3545 mmeperis

351 3572 504 3643 Talemoue
515 3575 540 3629 te
551 3571 673 3630 Domini
683 3571 828 3644 inplorata
842 3571 991 3629 elementia
1003 3569 1191 3629 ealiibeudun
1204 3564 1279 3627 dude.

350 3673 383 3726 ut
398 3669 504 3726 induiti
517 3671 648 3728 rnuneris
661 3670 798 3743 praemia
813 3687 874 3727 non
891 3685 958 3727 eum
970 3668 1155 3742 reatitudine,
1171 3665 1216 3726 sed
1227 3680 1280 3722 run

384 3815 391 3842 ¹
408 3815 589 3877 expectasse.
600 3812 643 3862 Bt.
719 3815 729 3844 ²
745 3815 784 3864 sia
794 3814 844 3876 B¹;
861 3815 994 3864 utoluotdi
1005 3815 1057 3877 13²3
1074 3813 1238 3866 nebulumlde
1247 3805 1279 3864 0¹5

351 3891 391 3940 ·di
404 3893 442 3942 θ’.
511 3893 520 3922 ³
536 3892 573 3942 sic
581 3893 653 3944 MSS.
666 3893 867 3956 impertiulmun
878 3893 938 3943 odd.
