2859 4334
156 301 310 367 ccam]
454 292 569 359 Gentis
592 292 798 380 Acylorcm.
1038 294 1103 360 313

152 464 327 541 defunctus,
351 467 582 543 paenitentiam,
607 487 702 544 quam
720 468 759 528 ad
776 466 873 529 breue
887 471 1013 546 tempus
1031 487 1104 529 cum

153 561 256 623 fructu
268 564 378 625 ueniae
389 565 488 626 facere
503 566 683 643 supersedit,
697 566 733 625 in
746 569 909 627 aeternum
919 567 988 627 sine
997 567 1102 627 fructu

152 662 261 738 poenis
287 662 432 725 subditus
459 665 542 727 fecit
586 666 635 726 De
660 685 724 742 quo
750 667 879 740 constat,
911 665 992 742 quia,
1022 665 1102 726 sicut

152 758 262 821 beatus
280 782 360 839 papa
377 763 543 840 Gregorius
562 764 601 823 de
620 763 807 841 quibusdam
825 763 942 836 scribit,
963 784 1028 824 non
1045 786 1101 842 pro
1152 812 1156 819 .

152 878 186 918 se
199 859 267 935 ista
286 860 335 920 cui
350 879 414 922 non
428 863 577 938 profuere,
595 863 648 923 ssd
665 882 723 939 pro
738 862 808 922 aliis
826 861 947 937 uiderit
965 863 1020 939 qui
1033 864 1109 939 eius

150 957 314 1019 interitum
339 964 558 1037 cognoscentes
585 960 708 1021 differre
732 964 858 1038 tempus
880 960 1096 1037 paenitentiae,

151 1056 228 1115 dum
256 1060 354 1133 uacat,
384 1059 540 1133 timerent,
570 1078 612 1119 ns
639 1058 801 1135 inprouiso
831 1058 944 1119 mortis
969 1058 1100 1119 articulo

150 1155 321 1230 praeuenti,
338 1155 567 1233 inpoenitentes
579 1157 726 1234 perirent.
761 1158 849 1233 Quod
861 1160 967 1255 autom
981 1157 1100 1218 codices

150 1252 290 1313 diuersos
302 1274 358 1331 per
368 1254 467 1315 bonos
480 1255 548 1316 siue
561 1255 661 1316 malos
672 1256 802 1333 spiritus
814 1255 876 1324 sibi
889 1256 971 1317 uidit
984 1256 1096 1328 offerri,

149 1351 189 1411 ob
207 1352 241 1412 id
259 1372 394 1431 superna
410 1354 639 1431 dispensatione
657 1354 775 1415 factum
791 1358 847 1429 est,
867 1357 904 1415 ut
920 1355 1098 1415 memineri-

149 1470 221 1511 mus
241 1451 323 1513 sacta
341 1455 372 1512 et
390 1453 593 1531 cogitationes
611 1456 733 1513 nostras
750 1474 815 1514 non
834 1453 869 1514 in
887 1458 1020 1515 uentum
1038 1455 1097 1515 dif-

148 1550 246 1610 fluere
256 1551 272 1625 ¹,
290 1550 344 1611 sed
361 1552 400 1612 ad
416 1572 546 1612 oxomen
566 1552 684 1613 summi
703 1551 822 1612 Iudicis
835 1556 947 1612 cuncta
960 1554 1096 1629 semari3

147 1652 180 1709 et
202 1649 270 1709 siue
286 1670 341 1727 per
361 1650 477 1711 amicos
497 1652 624 1729 angelos
642 1650 677 1710 in
698 1650 763 1711 fine
783 1650 873 1710 nobis
894 1652 1094 1728 ostendenda,

147 1748 215 1809 siue
234 1768 290 1825 per
307 1749 420 1811 hostes
465 1750 553 1826 Quod
575 1770 649 1811 uero
670 1748 759 1827 prius
773 1750 942 1810 candidum
959 1751 1096 1813 codicem

146 1848 347 1926 protulerunt
366 1849 478 1927 angeli,
501 1849 613 1911 deinde
632 1853 737 1910 atrum
759 1850 944 1924 daemoncs;
965 1850 1013 1911 illi
1030 1871 1096 1928 per·

145 1966 288 2025 paruum,
300 1946 353 2007 isti
363 1968 524 2008 enormem
537 1970 545 2024 ;
566 1948 882 2010 animaduertendum
895 1951 952 2023 est,
964 1950 1046 2025 quod
1061 1952 1095 2012 in

146 2046 249 2122 prima
271 2048 372 2107 astate
391 2046 472 2107 bone
492 2047 595 2125 aliqua
615 2048 696 2121 fecit,
722 2066 802 2124 quae
822 2050 930 2108 tamen
951 2048 1097 2111 uniuersa

146 2164 241 2220 praue
259 2147 378 2221 agendo
397 2146 520 2208 iuuenis
538 2146 742 2207 obnubilauit
788 2146 890 2222 Quisi
908 2164 926 2205 e
943 2148 1096 2209 contrario

146 2261 264 2303 errores
291 2244 441 2321 pueritiae
468 2246 619 2323 corrigere
646 2244 681 2306 in
708 2244 926 2318 adulescentia,
953 2264 989 2304 ac
1016 2246 1096 2307 bene

145 2340 287 2403 faciendo
301 2361 320 2402 a
334 2344 391 2405 Dei
404 2344 500 2405 oculis
510 2345 697 2406 abscondere
710 2345 855 2417 curasset,
867 2346 973 2420 posset
986 2364 1096 2405 sorum

18 2448 43 2497 ra
54 2454 116 2503 mi.
145 2460 277 2501 numero
289 2442 406 2517 sociari,
420 2444 459 2503 de
472 2444 586 2520 quibus
596 2444 640 2503 ait
649 2443 789 2520 psalmus
801 2464 809 2503 ι
834 2442 948 2515 ‘Beati
961 2461 1095 2518 quorum

19 2542 25 2554 '
145 2539 294 2601 remissae
304 2543 379 2601 sunt
390 2542 577 2620 iniquitates,
591 2544 624 2602 et
634 2560 769 2619 quorum
777 2542 859 2601 tecta
868 2543 943 2601 sunt
953 2545 1096 2617 peccata'

144 2636 238 2698 Hanc
252 2638 423 2715 historiam,
436 2641 517 2701 sicut
531 2660 549 2701 a
563 2640 735 2700 uenerabili
745 2639 886 2700 antistite
897 2640 1096 2700 Pecthelmo²

143 2736 247 2812 didici,
271 2736 455 2815 simpliciter
476 2739 515 2799 ob
535 2739 670 2800 salutem
690 2739 862 2818 logentium
881 2739 950 2800 siue
970 2739 1094 2800 audien·

143 2834 225 2897 tium
240 2837 427 2898 narrandam
442 2857 508 2899 esse
522 2838 638 2917 putaui.

509 3052 601 3116 OAP.
626 3053 713 3115 XIV.

237 3224 266 3269 Ut
276 3225 330 3269 item
341 3222 405 3269 clius
414 3224 543 3269 moritum
553 3225 687 3279 amantum
699 3223 746 3267 cibi
756 3224 821 3279 αριιά
831 3223 917 3281 inseras
926 3224 1000 3269 mrtem

497 3301 629 3345 poenarum
639 3290 732 3335 uiderit.

183 3416 270 3478 Nom
284 3420 388 3478 autem
404 3417 471 3495 ipse
480 3418 619 3491 fratrem,
633 3438 728 3495 quem
741 3417 863 3478 utinam
876 3438 941 3478 non
956 3438 1089 3493 nossem,

141 3516 230 3578 cuius
252 3517 348 3577 etiam
372 3537 498 3593 nomen,
524 3517 551 3577 si
573 3517 631 3577 hoc
653 3516 771 3594 aliquid
794 3517 960 3594 prodesset,
990 3518 1091 3579 dicere

139 3636 286 3694 possem
317 3616 456 3693 positum
484 3614 519 3676 in
546 3616 737 3677 monasterio
764 3616 871 3691 nobili,
902 3616 957 3675 sed
985 3616 1090 3694 ipsum

139 3714 322 3793 ignobiliter
340 3715 511 3776 uiuentem.
554 3714 787 3792 corripiebatur
802 3715 929 3793 quidem
948 3715 1091 3779 sedulos

139 3812 289 3875 fratribus
317 3832 353 3875 ac
379 3812 550 3874 maioribus
576 3812 644 3889 loci,
674 3816 769 3891 atque
795 3814 834 3875 ad
863 3814 1089 3893 castigatiorem

320 3972 326 4001 ¹
341 3972 458 4023 defluere
469 3970 504 4022 Μ.
571 3969 581 4000 ¹
597 3970 734 4034 poet-113
751 3974 827 4037 peht·
840 3974 869 4023 c.
