2859 4334
141 272 279 337 Graxa]
443 263 559 331 Gentis
581 266 786 351 duplorum.
1030 272 1093 334 157

140 435 280 498 multum
301 436 474 516 pertimuit,
495 459 530 500 ae
551 441 657 502 statim
679 461 849 520 exsurgens
869 441 988 504 leuauit
1008 464 1090 518 eum,

139 537 330 613 promittens
348 535 399 598 se¹
419 537 557 598 multum
572 539 621 599 illi
639 559 707 600 esse
725 540 891 618 placatum,
909 543 986 602 dum
1001 543 1094 604 modo

139 636 196 695 ille
209 635 349 696 residens
362 637 400 696 ad
422 636 530 713 epulas
548 638 711 698 tristitiam
725 640 900 716 deponeret.
945 641 1093 719 Dumque

139 753 203 810 rex,
215 735 345 795 iubente
359 756 393 795 ae
407 736 586 813 postulante
599 737 749 815 episeopo,
763 738 915 799 laetitiam
929 739 1088 817 reciperet,

137 833 240 910 eoepit
259 837 400 894 econtra
418 834 579 912 epismpur
600 836 700 896 tristis
718 839 874 914 usquead
895 838 1092 899 lacrimarum

136 933 354 1010 profusionem
375 933 461 994 effici.
506 934 605 1008 Quem
625 935 702 995 dum
721 937 883 1014 presbyter
895 957 971 998 suus
984 938 1093 1015 lingua

136 1034 248 1108 patria,
263 1051 358 1108 quam
372 1051 426 1091 rex
440 1034 472 1092 et
485 1033 648 1093 domestici
662 1033 730 1094 eius
744 1054 809 1094 non
822 1039 984 1110 nouerant,
999 1057 1093 1114 quare

136 1129 363 1205 lacrimaretur,
385 1131 624 1208 interrogasset:
649 1133 758 1203 ‘Soio'
777 1134 890 1211 inquit,
916 1134 1007 1211 ‘quia
1027 1154 1093 1194 non

136 1229 243 1290 multo
257 1231 399 1306 tempore
416 1230 559 1290 uicturus
575 1233 622 1292 est
636 1250 711 1306 rex,
732 1251 905 1310 numquam
919 1233 1005 1292 enim
1020 1236 1093 1292 ante

135 1327 215 1388 haee
235 1328 301 1388 uidi
321 1329 476 1388 humilem
490 1349 604 1407 regem.
650 1330 745 1390 Unde
762 1330 978 1391 animaduerto
998 1331 1091 1390 illum

135 1428 232 1488 eitius
256 1447 294 1487 ex
317 1427 375 1488 hae
399 1427 467 1488 uita
489 1428 693 1505 rapiendum
723 1450 789 1489 non
813 1430 900 1489 enim
924 1430 1019 1506 digna
1045 1432 1092 1490 eat

135 1526 214 1586 haee
238 1547 316 1603 gens
340 1526 435 1586 talem
460 1527 573 1588 habere
597 1529 771 1588 rectorem!
811 1528 875 1588 Nee
899 1529 1001 1589 multo
1021 1532 1092 1605 post

135 1625 207 1686 dira
233 1622 403 1685 antistitis¹
429 1626 586 1702 praesagia
606 1625 692 1689 tristi
711 1627 793 1704 regis
819 1628 938 1702 funere,
963 1629 1003 1688 de
1030 1648 1091 1704 quo

135 1743 235 1800 supra
254 1724 400 1799 diximus,
424 1725 554 1802 impletu
574 1729 657 1785 sunt.

179 1821 242 1882 Sed
256 1823 311 1883 et
303 1843 369 1900 ipse
381 1823 513 1884 antistes
527 1824 633 1884 Aidan
650 1843 715 1883 non
729 1823 801 1900 plus
816 1844 911 1901 quam
924 1825 1007 1884 ΧΠ0
1020 1830 1092 1901 post
1108 1837 1191 1881 nuth
1201 1838 1230 1880 or

134 1921 324 1984 oocisionem
352 1941 441 1999 rem,
472 1941 567 1999 quem
596 1923 727 1996 amabat,
758 1921 816 1996 die,
846 1924 878 1983 id
911 1927 959 1984 est
991 1924 1092 2001 pridie
1107 1895 1211 2013 Assj,
1216 1958 1262 2009 65,

136 2021 301 2082 Kalendas
322 2022 525 2099 Septembres,
557 2022 596 2081 de
619 2021 742 2082 saeculo
765 2022 906 2082 ablatus³
907 2027 1092 2100 ,perpetua

136 2119 284 2180 laborum
298 2139 426 2180 suorum
443 2141 462 2182 a
476 2121 614 2181 Domino
628 2120 765 2197 praemia
778 2121 900 2198 recepit.

520 2401 612 2463 OAP.
638 2401 706 2463 XV.

138 2575 167 2620 ot
178 2573 299 2632 wiaeoprrr
308 2575 393 2620 Ardae
407 2575 489 2622 nautis
502 2578 522 2622 et
538 2577 691 2632 tempestatem
699 2575 813 2631 saturam
825 2576 976 2634 praedm,
988 2580 1008 2623 et
1018 2577 1092 2623 oleum

377 2657 492 2714 nuatum,
506 2667 550 2710 qao
561 2656 622 2700 tanc
631 2656 700 2700 ardor
699 2657 744 2714 erit,
757 2657 851 2702 dederit.

177 2807 245 2882 Qnr
269 2807 357 2867 euius
380 2807 487 2868 meriti
507 2808 649 2884 inerite
632 2809 729 2869 etiam
749 2809 971 2870 miraculorum
992 2808 1092 2887 signis
1109 2816 1226 2861 uiueres

134 2905 281 2966 internus
298 2905 415 2966 arbiter
431 2907 562 2980 edocuit,
579 2908 725 2985 equibus
743 2908 804 2968 tria
819 2908 988 2968 momoriae
1001 2926 1093 2967 eausa
1108 2875 1222 2980 ffii‘
1231 2877 1263 2930 by

133 3023 253 3082 ponere
281 3005 357 3064 satis
384 3006 434 3066 sit.
482 3005 651 3082 Presbyter
678 3005 814 3083 quidam,
846 3005 974 3067 nomine
1002 3006 1089 3081 Utta

132 3103 258 3164 multae
278 3103 440 3182 grauitatis
462 3124 496 3164 ae
516 3105 659 3166 ueritatis
680 3105 738 3178 uir,
762 3109 794 3166 et
815 3106 854 3165 ob
878 3106 911 3165 id
934 3105 1088 3180 omnibus,

44 3225 65 3252 ι
134 3202 140 3282 Ι
156 3201 256 3263 etiam
270 3201 347 3280 ipsis
360 3202 554 3279 principibus
567 3203 681 3263 saeculi
690 3203 894 3278 honorabilis,
904 3223 976 3263 eum
989 3203 1092 3263 mitte·

132 3304 225 3364 retur
253 3300 397 3362 Cantiam
425 3301 465 3361 ob
491 3300 705 3363 adduoendam
733 3302 807 3363 inde
834 3302 999 3379 coniugem
1026 3303 1091 3380 regi

131 3399 234 3462 Osuio
242 3401 262 3475 ⁴,
294 3399 392 3460 filiam
425 3399 571 3462 uidelicet
598 3401 748 3461 AEduini⁸
782 3400 864 3479 regis
896 3401 1087 3477 Eanlledam,

131 3499 236 3578 quae⁸
257 3498 356 3559 occiso
375 3501 461 3576 patre
480 3499 555 3560 illue
575 3500 677 3561 fuerat
695 3501 848 3576 adducta3
876 3500 931 3578 qui
951 3501 1091 3560 terrestri

130 3598 267 3678 quidem
292 3597 403 3658 itinere
427 3597 483 3659 illo
506 3598 622 3671 uenire,
647 3601 700 3660 sed
726 3599 850 3677 nauigio
873 3619 946 3659 eum
969 3599 1091 3678 uirgine

168 3775 177 3806 ¹
196 3791 260 3826 eum
272 3775 301 3825 O.
367 3774 377 3804 ¹
394 3777 503 3825 antistis
514 3772 552 3826 0¹.
560 3776 591 3826 B.
667 3776 677 3806 ¹
693 3777 816 3826 sublatus
824 3778 853 3828 O.
919 3777 928 3806 ⁴
944 3777 1041 3827 osuuiu
1054 3777 1091 3836 ῦς

129 3869 204 3908 erun
217 3855 250 3904 N¹
261 3871 268 3916 ;
285 3853 362 3902 osuiu
374 3853 417 3903 N!
428 3854 459 3903 B.
475 3855 588 3918 (ttejlnal
599 3869 617 3904 u
630 3858 695 3916 beinq
705 3871 736 3903 on
746 3871 780 3904 aa
790 3854 902 3920 aaran).
970 3854 980 3885 ⁵
996 3855 1091 3904 eduini

131 3935 166 3986 0.
178 3933 212 3984 B.
225 3932 258 3982 N.
324 3929 334 3958 ⁸
350 3933 414 3994 quia
425 3931 454 3982 0.
469 3931 500 3982 Ι).
513 3932 551 3994 0,.
563 3932 607 3982 be.
