2859 4334
166 272 227 324 cn».
239 267 452 334 xxu[xxtv].t
498 256 615 325 Gentio
637 256 842 343 duplorum.
1050 262 1115 325 259

165 433 394 509 conpunctione
421 433 597 511 conpositis,
630 434 664 494 in
696 454 760 507 eua,
792 434 823 495 id
852 440 899 496 eet
926 435 1112 515 Anglorum.

164 534 274 611 lingua
287 535 446 612 proterret.
490 536 586 595 Cuius
603 536 795 596 carminibus
815 537 987 596 multorum
1004 534 1113 612 saepe¹

164 633 264 692 animi
282 635 320 694 ad
339 638 534 696 contemtum
555 635 678 709 saeculi,
696 638 729 695 et
745 636 919 713 appetitum
940 638 1015 695 eunt
1031 635 1115 695 uitae

164 731 304 793 caelestis
331 735 460 794 accensi.
504 734 547 793 Et
571 734 697 811 quidem
726 737 758 794 et
785 734 839 793 alii
867 736 937 811 poet
962 734 1054 794 illum
1079 734 1113 793 in

163 835 257 907 gente
277 831 455 908 Anglorum
475 834 620 910 religiosa
640 836 783 909 poemata
802 833 903 893 facere
917 832 1112 907 temtabent;

28 938 103 993 29¹²
164 931 218 990 sed
238 932 242 992 Ι
261 930 370 992 nullus
397 952 470 991 eum
497 932 695 1008 aequiparare
720 930 829 1008 potuit
875 932 1018 1008 Namque
1046 931 1113 1009 ipse

27 1039 98 1084 eut
161 1048 226 1089 non
250 1030 290 1089 ab
317 1028 506 1101 hominibus,
537 1050 639 1107 neque
665 1050 722 1106 per
747 1029 910 1090 hominem
938 1030 1110 1101 institutus,

27 1099 142 1205 {hiim
159 1129 292 1188 canendi
318 1132 418 1188 artem
450 1128 565 1203 didicit,
597 1128 650 1187 sed
681 1127 834 1189 diuinitus
863 1129 988 1189 adiutus
1018 1129 1114 1205 gratis

160 1228 292 1288 canendi
317 1230 435 1288 donum
460 1227 585 1303 accepit
630 1227 725 1287 Unde
753 1227 799 1287 nil
827 1248 977 1304 umquam
1005 1228 1112 1287 friuoli

159 1330 192 1386 et
212 1327 396 1403 supemacui
416 1326 570 1403 poematis
588 1326 688 1385 facere
708 1326 819 1401 potuit,
841 1326 894 1407 sed
917 1346 952 1386 eu
972 1329 1110 1386 tantum·

161 1426 262 1500 modo,
286 1446 365 1502 quae
385 1427 423 1485 ad
444 1425 628 1502 religionem
646 1424 815 1501 pertinent,
833 1424 1028 1501 religionem²
1045 1425 1111 1485 eius

160 1524 304 1602 linguam
318 1523 475 1584 decebant.
518 1524 679 1600 Siquidem
690 1523 724 1583 in
735 1523 844 1583 habitu
853 1524 1001 1583 saeculari
1011 1543 1111 1601 usque

160 1623 198 1683 ad
222 1625 363 1701 tempora
384 1623 610 1699 prouection'e’.
629 1625 739 1682 aetatis
762 1624 958 1696 constitutuS,
983 1622 1029 1682 nil
1050 1642 1110 1682 car·

160 1721 284 1783 minum
308 1722 475 1799 aliquando
499 1721 655 1781 didicerat
701 1721 795 1781 Unde
815 1740 1053 1797 nonnumquam
1075 1721 1109 1781 in

160 1821 311 1895 conuiuio,
328 1841 401 1881 cum
415 1824 495 1880 eeeet
509 1819 646 1881 laetitiae
662 1840 753 1880 cauea
766 1820 933 1893 decretum,
951 1823 986 1880 ut
1000 1840 1110 1881 omnes

160 1938 216 1994 per
234 1919 376 1979 ordinem
395 1923 519 1979 cantare
537 1919 693 1991 deberent,
711 1918 773 1993 ille,
791 1918 845 1977 ubi
864 1919 1109 1997 adpropinquare

161 2018 220 2077 eibi
248 2017 399 2078 citharam
426 2018 579 2091 cernebat,
603 2017 748 2094 surgebat
776 2037 795 2076 a
824 2017 926 2077 media
948 2036 1051 2091 caena,
1077 2021 1108 2078 at

160 2136 301 2194 egressus
314 2117 352 2177 ad
367 2136 457 2176 cuam
470 2118 600 2176 domum
614 2116 787 2192 repedabat

200 2216 289 2290 Quod
304 2216 381 2275 dum
394 2219 536 2291 tempore
553 2216 687 2291 quodam
702 2215 825 2289 fuceret,
843 2218 874 2275 et
888 2214 996 2276 relicta
1012 2217 1106 2277 domu
1124 2232 1268 2349 {effipia

159 2314 465 2391 conuiuii⁴egreeeue
473 2316 555 2373 esset
563 2314 601 2372 ad
611 2313 733 2373 stabula
743 2312 964 2385 iumentorum,
972 2335 1106 2392 quornm
1124 2351 1225 2408 ,sm

159 2413 188 2472 ei
204 2414 343 2473 custodie
361 2416 452 2472 nocte
468 2412 524 2472 illu
541 2415 607 2472 erat
624 2411 769 2489 delegata,
787 2411 891 2488 ibique
906 2413 982 2473 hora
999 2434 1107 2492 conpe-

157 2514 238 2572 tenti
258 2512 401 2572 membra
421 2510 556 2571 dedisset
575 2510 685 2587 sopori,
702 2510 824 2570 adstitit
844 2510 892 2569 ci⁵
910 2512 1038 2589 quidam
1053 2533 1108 2589 per

158 2612 326 2685 somnium,
343 2630 478 2688 eumque
496 2610 643 2678 salutans,
658 2628 695 2668 ac
708 2628 764 2668 suo
783 2609 944 2686 appellans
958 2614 1107 2675 nomine:

161 2710 378 2784 ‘andmon⁸,’
406 2709 518 2786 inquit,
553 2709 660 2768 ‘canta
686 2706 767 2767 mihi
793 2707 933 2785 aliquid!
973 2711 1019 2770 At
1053 2710 1107 2771 ille

156 2809 366 2886 respondenez
391 2808 542 2881 ‘Neeciq’
563 2805 676 2885 inquit,
703 2806 862 2881 ‘cantare;
887 2826 961 2867 nam
982 2811 1014 2868 et
1037 2809 1106 2869 ideo

157 2908 197 2968 de
218 2907 364 2967 conuiuio
390 2926 532 2984 egreeeua
559 2906 621 2965 huc
648 2905 768 2979 secessi,
796 2905 868 2983 quia
892 2910 1014 2967 cantare
1042 2927 1105 2969 non
1138 2966 1141 2973 .

156 3008 317 3083 poteram'
359 3007 497 3066 Rursum
510 3004 573 3078 ille,
590 3003 731 3082 quicum
745 3024 781 3063 eo
795 3004 986 3080 loquebatur,
1007 3007 1108 3067 ‘Atta-

156 3106 252 3181 men,’
285 3104 337 3179 ait,
372 3104 488 3165 ‘mihi'
523 3105 647 3162 cantare
681 3102 799 3162 hubee’
843 3103 964 3177 ‘Quid'
991 3104 1102 3182 inquit

161 3204 275 3265 ‘debeo
288 3204 455 3264 cantaret’
491 3202 533 3262 Et
543 3202 604 3276 ille,
623 3202 760 3275 ‘Canta'
771 3201 883 3278 inquit,
901 3202 1105 3281 ‘principium

156 3303 384 3363 creaturarum!
413 3302 481 3376 Quo
494 3302 618 3377 accepto
631 3318 789 3376 responso,
802 3298 910 3359 statim
924 3300 990 3378 ipse
1004 3304 1105 3380 coepit

156 3404 281 3461 cantare
301 3401 334 3460 in
358 3400 483 3460 laudem
505 3398 564 3459 Dei
587 3399 756 3458 conditoris
776 3418 893 3473 nereus,
918 3420 995 3476 quoe
1016 3420 1104 3460 num·
1142 3448 1146 3457 .

156 3516 250 3572 quam
259 3496 405 3568 audierat,
419 3494 640 3572 quorum⁸iete
650 3498 835 3554 eeteeneue:
860 3492 968 3555 ‘Nunc
978 3495 1104 3556 laudare

189 3662 197 3690 ¹
215 3662 313 3710 necuit
326 3661 357 3711 0¹
392 3660 568 3709 saecularium
581 3656 630 3718 C²;
647 3658 687 3708 oft
697 3658 750 3709 AS.
934 3658 943 3685 ¹
960 3657 1002 3709 'et'
1013 3660 1060 3711 rel.
1070 3660 1099 3712 G.

156 3738 165 3767 ¹
181 3740 294 3803 protect·
306 3740 335 3790 C.
418 3738 428 3767 ⁴
444 3739 553 3787 conuiui
564 3738 600 3786 u.
666 3736 677 3764 ⁸
694 3738 806 3786 enimet
819 3736 854 3787 M.
930 3738 940 3769 ⁸
956 3738 1014 3804 09‘1·
1027 3738 1054 3789 C.
1069 3740 1101 3789 N.

155 3815 165 3844 ⁷
180 3819 252 3869 mihi
263 3834 308 3867 orn.
319 3819 348 3868 G.
436 3814 447 3844 ¹
461 3821 531 3866 mm
542 3830 657 3879 quorum
674 3821 695 3864 to
711 3816 832 3879 oeruicol,
846 3830 871 3879 p.
884 3817 941 3880 2⁶2,
955 3821 1063 3867 facturive
1079 3818 1103 3869 tr

155 3902 259 3957 acuam
273 3897 446 3961 inH„orotnp
461 3897 705 3955 tottclouqsoleuj.

603 3998 620 4040 S
635 3999 650 4038 2
