2859 4334
474 310 608 373 erectore
629 306 819 392 Aoonpmo.
1054 309 1119 373 395

170 480 203 533 nt
226 477 263 533 eb
287 476 470 549 inproborum
495 476 660 547 inruptione
690 476 834 533 securiora
860 477 1000 545 redderet,
1025 478 1119 536 missis

170 566 288 622 Romem
305 564 460 637 legatoriis,
479 564 630 637 epistolem
648 564 797 635 priuilegii
812 583 830 621 u
845 566 947 622 bestee
963 567 1119 624 memoriae

169 668 244 723 pepe
271 652 369 725 Sergio
399 652 494 724 petiit,
526 656 556 708 et
585 652 707 723 ecoepit,
734 652 826 708 instar
852 652 938 716 illins,
969 672 1055 724 quem
1082 656 1119 711 eb

168 741 318 812 Agathone
344 740 474 798 decessor
491 740 554 797 eius
578 740 754 797 Benedictus
771 741 950 812 acceperat¹.
997 742 1070 797 Nem
1089 748 1121 801 et

47 846 59 874 2
102 864 109 876 ·
168 828 251 894 uesis,
277 828 281 899 Ι
304 846 377 899 quse
396 830 433 884 ed
450 828 608 885 eecclesiae
627 828 676 885 uel
694 828 794 885 elteris
818 829 940 885 officinm
964 830 1119 900 pertinent,

169 916 361 988 copiosissime
380 915 501 983 diteuit;
521 919 553 973 et
570 916 785 982 bibliothecam,
803 934 890 986 quem
908 916 944 974 de
963 918 1053 973 Rome
1070 919 1119 975 uel

168 1004 239 1076 ipse,
255 1006 303 1062 uel
324 1006 495 1063 Benedictus
516 1006 669 1073 edtuleret,
688 1004 827 1062 nobiliter
845 1006 1006 1076 emplianit,
1024 1006 1069 1062 ita
1086 1011 1120 1063 ut

168 1092 320 1149 interulis,
335 1098 393 1152 tres
411 1094 570 1151 Pendectes
582 1095 692 1151 feceret
710 1092 842 1161 describi,
859 1110 979 1164 quorum
996 1094 1052 1149 duo
1067 1113 1120 1167 per
1178 1074 1186 1102 ¹

166 1180 290 1239 totidem
308 1200 359 1239 sne
375 1181 550 1239 monasterie
563 1181 660 1253 posuit
676 1181 708 1237 in
726 1181 881 1247 aecclesiis,
894 1186 928 1237 ut
940 1182 1050 1239 cunctis
1067 1183 1117 1254 qui

166 1270 282 1341 eliquod
290 1270 449 1342 cepitulum
459 1271 494 1327 de
504 1271 834 1328 ntmlibethstmento
843 1270 939 1342 legere
948 1271 1118 1342 uoluissent,

167 1356 199 1411 in
213 1360 327 1429 promtu
344 1362 420 1415 esset
440 1357 572 1415 inuenire
589 1358 665 1429 quod
682 1358 856 1430 cuperent&
881 1359 1001 1415 tertium
1020 1366 1116 1417 eutem

167 1446 284 1503 llomem
321 1446 501 1517 profecturus
537 1446 642 1503 donum
678 1447 765 1503 beato
803 1446 889 1503 Petro
924 1448 1116 1518 epostolorum

166 1532 293 1606 principi
305 1532 406 1591 offerre
419 1533 548 1591 decreuit
554 1533 573 1589 ⁸.

202 1638 245 1677 21.
263 1622 392 1692 Namque
410 1621 459 1677 ubi
478 1622 564 1693 longo
580 1621 638 1677 ism
655 1620 736 1679 senio
755 1621 883 1679 defessus
899 1620 975 1677 uidit
991 1640 1021 1679 se
1040 1625 1117 1681 ultre
1133 1635 1260 1681 nocctes

167 1728 225 1767 non
247 1726 329 1781 posse
355 1710 518 1780 exemplum
544 1708 660 1781 pristini
685 1709 792 1782 uigoris
820 1709 879 1765 snis
905 1716 1116 1781 premonstrere
1133 1693 1287 1810 ffltssnd

166 1797 315 1869 discipulis
322 1797 341 1861 ⁴,
355 1797 469 1854 inuenit
486 1798 559 1855 utile
575 1797 729 1854 consilium
743 1800 785 1863 ut,
801 1798 905 1853 relicto
921 1797 1117 1857 iuuenioribus
1133 1827 1164 1869 go
1174 1827 1206 1858 on
1216 1788 1262 1869 iil·

166 1885 304 1958 regimine
331 1885 538 1955 menesteriali,
558 1886 620 1957 ipse
644 1885 837 1957 apostolorum
861 1885 964 1941 limine
987 1890 1116 1960 peregri·
1132 1873 1281 1977 ww

165 1978 283 2030 neturus
299 1971 408 2043 ediret3
429 1972 525 2043 ibique
540 1972 662 2029 terrenis
678 1972 824 2028 absolutus
841 1971 917 2028 ouria
932 1973 1010 2030 inter
1023 1974 1117 2032 libere
1211 1966 1217 1978 ’

165 2062 325 2119 orationum
343 2062 439 2117 studia
453 2062 531 2118 diem
547 2064 691 2133 spectaret
709 2061 850 2126 ultimum,
870 2060 1000 2117 imitetus
1020 2081 1115 2119 exem-

164 2151 245 2223 plum
256 2148 353 2206 iretris
362 2148 406 2205 sui
415 2149 571 2220 Gynofridi,
579 2149 636 2221 qui,
644 2148 720 2207 sicut
729 2167 815 2221 snpre
822 2151 1115 2219 commemor-suimus,

165 2238 259 2297 studio
276 2238 356 2295 uitae
375 2238 617 2309 contemplatione
637 2237 802 2294 monasterii
822 2254 918 2293 euram
935 2238 1064 2309 reliquit,
1084 2247 1114 2297 et

164 2326 287 2399 petrIem
300 2330 418 2398 propter
429 2326 581 2383 Dominum
594 2330 753 2398 spontaneo
764 2325 890 2382 muteuit
903 2326 1011 2383 exsilio.

11 2436 17 2477 ε
87 2450 118 2481 ,,
200 2430 244 2471 ee.
263 2414 378 2470 hinnit
387 2414 594 2486 igiturneuem,
602 2414 747 2471 recensuit
756 2414 909 2487 legetur-ios
918 2416 1115 2485 quosllomem

165 2502 334 2573 destinaret,
358 2503 503 2560 ordinenit
522 2507 553 2559 et
576 2520 696 2561 munere
713 2518 787 2573 quae
806 2502 892 2559 besto
914 2502 998 2559 Petro
1020 2510 1116 2561 essent

41 2610 53 2638 2
96 2629 103 2641 .
165 2591 324 2655 referende,
338 2591 511 2648 sufficienter
522 2609 566 2657 eu,
579 2608 651 2662 quse
667 2595 751 2647 tento
767 2594 771 2659 1
786 2590 887 2646 itineri
904 2595 1001 2649 essent
1016 2610 1115 2649 neces·

164 2679 247 2745 seria
273 2678 445 2749 procureuit.
481 2678 536 2735 Sed
561 2679 636 2749 quod
663 2679 724 2749 ipse
756 2696 821 2734 oum
847 2678 893 2733 his
920 2682 995 2736 esset
1021 2679 1115 2737 iturus

164 2766 293 2824 consulte
304 2766 340 2822 ed
349 2770 464 2837 tempus
472 2766 585 2832 celauit,
596 2784 641 2833 ne,
654 2766 798 2833 uidelicet,
809 2766 938 2836 sipulum
947 2767 1116 2839 uolgaretur

164 2856 238 2927 qnod
265 2858 457 2925 proposuerat,
487 2854 534 2911 uel
563 2854 764 2925 prohiberetur
793 2857 824 2911 et
851 2855 1047 2911 retarderetur
1077 2856 1114 2912 ub

164 2943 271 3005 emieis.
285 2943 333 2999 uel
345 2946 423 2999 certe
436 2960 454 2997 e
465 2943 594 3014 pluribus
608 2942 636 2999 ei
655 2942 779 3014 pecunie
792 2941 951 3014 largiretur,
967 2961 1038 3013 quos
1053 2944 1115 3015 ipse

164 3030 365 3089 remunerendi
378 3048 431 3088 neo
443 3032 567 3101 spetium
582 3030 654 3087 neo'
669 3030 839 3087 facultatem
855 3030 983 3087 heberet.
1031 3032 1115 3089 lieno

164 3118 273 3177 etenim
286 3136 401 3190 semper
411 3118 537 3176 bebebet
549 3118 787 3175 consuetudinem
799 3118 890 3174 enimi
902 3118 1029 3189 dapsilis,
1043 3123 1075 3175 nt
1091 3120 1114 3175 si

164 3208 253 3279 qnid·
274 3206 301 3264 ei
320 3206 446 3263 muneris
464 3207 500 3263 eb
525 3205 639 3277 eliqua²
658 3207 715 3265 sive
738 3206 877 3263 meiorum
901 3224 951 3263 sen
970 3206 1114 3263 minorum

164 3313 349 3369 personarum
362 3295 485 3361 deretur,
497 3312 677 3367 nequequam
689 3296 934 3352 inremuneratum
943 3294 1114 3363 dimitteret,

163 3386 213 3442 sed
222 3383 356 3456 empliori
368 3384 465 3455 sepius
476 3384 641 3456 largitorem
654 3400 736 3439 suum
747 3383 842 3455 gretie
853 3384 983 3440 donaret.

197 3503 205 3533 ¹
223 3510 288 3557 etut
299 3506 616 3570 eb...eccoperetom.t;
633 3510 726 3556 meso
737 3510 1114 3567 ussudeduedtnttepuseuoe

164 3588 377 3645 teespoluledsrom
388 3590 448 3635 Beda
460 3589 525 3634 teloio
533 3604 543 3646 ,·
559 3592 609 3635 note
620 3600 643 3648 3.
682 3584 694 3617 ¹
710 3590 772 3635 Here
781 3587 796 3633 t
805 3588 949 3645 enemente
960 3584 1039 3634 ‘dato
1049 3600 1113 3647 quo·

164 3678 217 3727 que
228 3664 490 3727 cosmcgmphiornm
503 3700 510 3713 .
524 3700 530 3713 .
543 3699 549 3711 .
562 3701 568 3716 .
581 3662 701 3727 emeret·
707 3666 775 3723 Jrons
784 3666 846 3713 Βοιὼ
855 3680 880 3713 e.
892 3678 912 3711 e.
1026 3663 1037 3691 ⁸
1053 3666 1115 3713 Here

165 3744 395 3803 tmbstitutessorc.
407 3758 437 3793 er
448 3744 679 3803 melodoms'npsroas
690 3746 750 3791 Bede
760 3758 787 3792 a.
798 3758 818 3793 s.
832 3758 861 3791 oc.
879 3742 977 3803 1516:
998 3743 1113 3791 ‘torrem

163 3824 234 3870 dium
245 3822 303 3869 octo
316 3857 323 3871 .
335 3856 342 3871 .
355 3856 361 3871 .
373 3822 483 3883 occepit
511 3824 598 3869 Made
609 3822 700 3871 missis
711 3857 719 3872 .
732 3829 759 3897 ‚7¹
770 3834 826 3869 non
837 3820 912 3869 latet
938 3820 1114 3883 Temporibus

161 3904 241 3947 auton
251 3902 299 3947 illle
309 3897 421 3948 trudens
433 3934 458 3948 ..
472 3934 478 3948 .
490 3899 647 3948 seruarent·
753 3897 763 3927 ⁴
780 3898 812 3947 ·ll
823 3898 861 3949 Η.
971 3897 982 3926 ⁵
999 3911 1033 3947 ne
1044 3898 1080 3947 Η.
1091 3898 1113 3947 δ.

161 3974 172 4005 ⁸
188 3977 249 4039 quit
259 3976 296 4027 Η.
363 3974 373 4004 ¹
390 3976 481 4039 aliquo
492 3976 515 4028 d.
