2859 4334
349 233 411 294 160
615 228 774 294 Historia
796 228 1028 294 Ecclesiastica
1170 237 1237 303 [Lu.
1250 241 1289 289 ιιι.

346 404 417 464 aliis
438 403 525 464 uillis
548 403 659 480 regiis¹
688 403 788 463 facere
808 403 936 472 solebat,
958 405 1067 479 utpote
1087 402 1131 462 nil
1157 401 1291 479 propriae
1377 392 1378 469 I

348 501 555 578 possessionis,
574 503 702 579 excepta
715 502 841 562 ecclesis
855 521 911 561 sua
923 503 957 561 et
968 501 1180 562 ediscentibus
1190 499 1292 576 agellis

347 601 474 661 habens
518 601 733 661 Tetenderunt
752 621 825 678 ergo
843 601 872 661 ei
893 602 1047 678 egrotanti
1066 599 1237 660 tentorium
1256 598 1291 658 ad

349 699 570 760 occidentalem
588 700 731 760 ecclesiae
746 702 875 777 partem,
892 699 937 760 ita
954 701 991 758 ut
1005 700 1110 775 ipsum
1128 698 1292 758 tentorium

350 798 459 874 parieti
472 799 594 859 hereret
607 799 760 859 ecclesiae.
806 799 900 859 Unde
914 798 1033 858 iactum
1046 801 1103 868 est,
1119 801 1157 857 ut
1168 795 1292 856 adclinis

351 897 496 968 destinae,
514 917 593 974 quse
606 897 798 958 extrinsecus
815 897 960 957 ecclesiae
974 917 1030 973 pm
1043 896 1222 955 munimine
1235 897 1292 953 erat

351 996 497 1072 adposite,
528 995 674 1072 spiritum
702 997 786 1056 uitae
813 996 971 1056 exhalaret
1000 996 1158 1055 ultimum.
1216 992 1292 1054 Obiit
1377 1026 1378 1033 κ

351 1099 456 1154 autem
481 1095 613 1170 septimo
638 1094 758 1156 decimo
783 1095 977 1171 episcopatus
1000 1095 1050 1154 sui
1076 1114 1169 1168 anne,
1199 1092 1292 1168 pridie

353 1193 566 1253 Kalendarum
590 1193 830 1270 Septembrium
875 1194 972 1255 Cuius
995 1213 1107 1270 corpus
1131 1213 1205 1251 mex
1227 1190 1292 1249 inde

351 1293 539 1351 translatum
563 1293 601 1351 ad
626 1292 763 1352 insulam
792 1289 1124 1363 Lindisiarnensium²‚
1151 1293 1240 1366 atque
1260 1288 1291 1346 iu
1377 1292 1378 1383 ζ

202 1406 329 1451 urislsnd
352 1391 516 1468 cymiterio
526 1391 658 1450 fratrum
669 1392 829 1468 sepultum
837 1394 891 1450 est.
935 1393 982 1452 At
991 1391 1154 1450 interiecto
1164 1393 1291 1465 tempere

193 1467 285 1570 32⁸¹*
352 1489 518 1566 eliquanto,
536 1489 766 1550 cumesses
778 1492 860 1549 essct
873 1489 1073 1549 strumum
1087 1489 1194 1560 maror,
1209 1489 1291 1562 atque

353 1587 552 1647 inhonorem
567 1588 739 1648 beatissimi
758 1588 970 1664 apostulorum
989 1587 1140 1664 principis
1156 1587 1289 1647 dedieca

353 1685 409 1746 illo
423 1705 492 1746 osse
506 1686 574 1746 eius
587 1686 746 1761 translate,
762 1688 856 1764 etque
869 1688 909 1746 ad
923 1687 1083 1746 dexteram
1099 1686 1205 1745 altaris
1217 1684 1292 1742 iuxta

354 1785 588 1844 uenerationem
604 1787 691 1845 tanto
706 1785 852 1862 pontifice
866 1785 995 1862 dignum
1008 1785 1135 1844 conditu
1145 1785 1225 1844 sunt

396 1883 550 1944 Successit
570 1901 644 1944 uero
662 1883 692 1942 ei
711 1884 745 1943 in
763 1883 974 1961 episcopatum
992 1883 1102 1956 linari,
1119 1884 1153 1941 et
1172 1882 1235 1958 ipse
1246 1878 1292 1938 illo

241 1976 268 2007 ⁰⁶
355 1982 395 2042 ab
411 1981 470 2042 Hii
488 1982 665 2042 Scottorum
683 1982 788 2042 insula
807 2001 843 2042 sc
861 1981 1050 2042 monasterio
1072 1981 1251 2052 destinatus,
1265 1996 1294 2036 sc

356 2083 495 2156 tempore
510 2099 573 2139 non
587 2101 684 2156 pauco
698 2081 733 2140 in
751 2081 929 2158 episcopatu
943 2080 1125 2158 permansit.
1170 2077 1295 2153 Contigit-

356 2181 462 2239 autem
485 2180 557 2255 post
577 2179 696 2256 aliquot
720 2198 828 2254 annes,
854 2181 892 2239 ut
913 2178 1022 2240 Penda
1042 2178 1227 2238 Merciurum
1248 2192 1294 2234 rex

357 2297 429 2336 cum
454 2276 561 2337 hostili
593 2278 728 2338 exercitu
756 2279 832 2338 haee
854 2278 890 2338 in
917 2279 984 2339 loca
1009 2277 1206 2355 perueniens,
1233 2291 1296 2333 urm

357 2378 477 2452 cuneta,
494 2396 573 2452 quae
591 2379 719 2453 poteret,
741 2378 823 2438 ferro
841 2377 1030 2453 flammaque
1050 2375 1201 2453 perderet,
1221 2372 1296 2432 uicus

358 2495 482 2551 quoque
502 2474 556 2534 ille
564 2476 583 2551 ⁴,
610 2475 644 2535 in
663 2497 724 2553 quo
745 2477 876 2536 antistes
897 2476 983 2550 obiit,
1007 2494 1164 2534 unacum
1184 2470 1296 2532 ecclesie

246 2593 326 2638 'raes
365 2572 369 2651 Ι
395 2577 568 2634 memorata
595 2574 731 2634 flammis
759 2575 982 2636 absumeretur.
1036 2573 1099 2634 Sed
1130 2573 1243 2632 mirum
1266 2569 1295 2627 in
1308 2562 1366 2628 tri

358 2673 488 2732 modum
522 2673 589 2732 sola
616 2673 670 2733 ille
698 2674 827 2748 destina,
859 2674 908 2734 eui
941 2673 1130 2733 incumbens
1157 2671 1238 2742 obiit
1263 2667 1297 2726 ab

359 2770 486 2847 ignibus
505 2771 621 2832 circum
635 2774 746 2832 cuncte
766 2772 951 2832 uorantibus
971 2771 1094 2831 absumi
1115 2790 1179 2830 non
1197 2766 1293 2845 ponii

360 2870 428 2944 Quo
446 2870 632 2929 clarescente
650 2871 808 2942 miraculo,
828 2890 903 2931 mox
918 2869 1037 2931 ibidem
1056 2869 1184 2929 ecclesia
1199 2870 1295 2927 testeu-

360 2970 434 3042 rutu
447 2971 478 3027 et
488 2968 563 3028 haec
573 2969 680 3029 eedem
689 2970 811 3029 destina
822 2969 856 3029 in
867 2969 1106 3029 munimentum
1117 2969 1167 3027 est
1176 2963 1292 3044 parietis

362 3070 482 3128 utente
496 3069 604 3142 fueret,
617 3068 943 3145 iorinsecusedpcsita
982 3066 1295 3146 Rursumqueperscte

362 3171 504 3246 tempore
523 3167 691 3244 aliquanto,
709 3167 815 3226 euenit
832 3185 887 3242 per
907 3165 1033 3244 culpem
1052 3167 1190 3227 incuriae
1205 3164 1295 3224 uicum

363 3269 499 3328 eundem
520 3267 552 3326 et
573 3265 673 3343 ipsam
694 3265 810 3342 pariter
830 3264 992 3325 ecclesiam
1012 3265 1141 3342 ignibus
1161 3256 1293 3324 consumi

364 3366 425 3426 Sed
439 3385 480 3424 ne
494 3368 568 3425 tunc
580 3365 706 3441 quidem
720 3364 852 3423 eandem
861 3364 872 3396 ⁸
881 3365 1010 3441 tangere
1019 3363 1149 3424 flamma
1163 3361 1296 3423 destinam

365 3465 507 3538 ualebat;
531 3465 563 3524 et
576 3483 648 3523 cum
661 3483 777 3541 magne
791 3463 899 3540 utique
913 3463 1063 3523 miraculo
1076 3463 1146 3540 ipsa
1160 3462 1222 3522 eius
1233 3458 1296 3517 fon·
1377 3436 1379 3529 l

364 3563 451 3622 mins
460 3562 645 3640 ingrediens,
658 3562 772 3640 quibus
785 3562 925 3622 aedificio
939 3565 1006 3621 eret
1019 3563 1131 3636 adfixa,
1144 3557 1292 3639 perederet

364 3662 465 3738 ipsam
479 3663 584 3720 tamen
600 3660 701 3722 ledere
715 3661 895 3721 nullatenus
902 3661 1071 3722 sinebatur.
1119 3660 1207 3722 Unde
1218 3651 1294 3715 tertio
1377 3734 1378 3743 ἵ

397 3805 584 3871 mgnum.
650 3805 864 3870 murem-u.
920 3807 1099 3859 ’eseiae
1113 3809 1190 3865 nc.
1233 3799 1293 3848 *iu
1377 3762 1378 3775 ¹

286 3911 290 3918 ·
365 3889 459 3937 omli.
566 3885 706 3935 'andem
718 3903 763 3935 ern.
776 3887 804 3937 0.
818 3887 851 3936 D.
863 3887 902 3946 R..
915 3887 955 3948 0,.
