2859 4334
156 298 215 348 cn.
228 291 334 356 xxrv.]
455 277 570 345 Gentis
592 276 799 361 Aaplorum.
1040 276 1105 340 353

195 457 293 516 Anno
307 454 528 530 DXXXVIII,
545 449 695 531 eclypsis²
710 449 899 512 solis²facta
919 453 968 511 est
986 449 1101 510 XIIII.

157 554 316 615 Kalendas
330 556 463 629 Martias,
481 553 520 613 ab
534 553 610 613 hora
622 552 723 629 prima
736 549 886 628 usquead
900 551 1033 610 tertiam.

196 655 293 714 Anno
321 654 418 728 DXL,
449 652 583 731 eclypsis
613 651 689 710 solis
722 650 803 709 facta
837 648 914 710 XII.
946 648 1105 709 Kalendas

156 751 254 813 Iulias
263 752 282 825 ⁸,
306 756 338 813 et
362 753 574 829 apparuerunt
593 750 701 810 stallae
721 768 802 826 pone
822 748 898 808 hora
918 748 1047 808 dimidia
1066 746 1106 807 ab

157 850 232 911 hora
246 852 307 912 disi
320 852 417 912 tertia

197 950 294 1009 Anno
315 948 478 1025 DXLVII,
503 949 561 1009 Ida
582 966 711 1024 regnare
732 946 841 1023 coepit,
867 967 887 1007 a
908 966 970 1023 quo
994 947 1106 1023 regalis

157 1046 491 1126 Nordanhymbrorum
513 1046 656 1124 prosapia
680 1044 831 1123 originem
859 1048 953 1118 tonet,
977 1047 1010 1105 st
1037 1045 1105 1108 XII

157 1146 250 1207 annis
270 1147 304 1206 in
325 1166 422 1224 regno
442 1146 621 1223 permansit

198 1246 294 1305 Auno
316 1244 442 1320 DLXV,
466 1243 618 1304 Columba
639 1243 803 1321 presbyter
823 1242 862 1303 de
883 1242 998 1303 Scottia
1018 1241 1107 1301 uouit

158 1343 358 1418 Brittaniam,
375 1343 413 1403 ad
428 1342 583 1403 docendos
597 1341 709 1417 Pictos,
722 1343 754 1402 ot
769 1341 803 1400 in
816 1339 920 1401 insula
930 1340 988 1400 Hii
1001 1359 1105 1400 mona-

157 1442 288 1501 sterium
301 1443 382 1503 fecit.

67 1586 72 1597 .
199 1540 295 1600 Anno
322 1539 465 1614 onvL
498 1538 667 1617 Gregorius
693 1558 775 1616 papa
802 1538 890 1598 misit
917 1537 1106 1598 Brittaniam

158 1639 394 1717 Augustinum‘
414 1658 486 1699 cum
508 1638 678 1713 monachis,
702 1637 757 1715 qui
781 1636 913 1697 uerbum
939 1634 997 1698 Dei
1020 1636 1108 1715 genti

158 1738 337 1815 Anglorum
359 1737 615 1815 euangelizarent
1165 1816 1168 1822 1

199 1836 296 1895 Anno
310 1834 471 1909 DXGVII,
488 1854 602 1895 uenere
615 1835 802 1896 Brittaniam
818 1834 948 1912 praefati
958 1836 1105 1907 doctores,

159 1933 213 2011 qui
228 1934 289 1995 fuit
302 1954 405 1995 annus
423 1932 495 2011 plus
509 1933 616 1993 minus
626 1933 698 1993 011⁵
712 1934 868 1995 aduentus
881 1934 1059 2011 Anglorum
1073 1932 1107 1991 in

160 2032 358 2093 Brittaniam.

200 2132 296 2191 Anno
310 2131 391 2206 Dor,
407 2130 496 2191 misit
508 2150 588 2208 papa
600 2128 769 2208 Gregorius
777 2128 909 2208 pallium
920 2128 1109 2190 Brittaniam

159 2230 340 2307 Augustino
355 2230 417 2290 iam
428 2230 509 2290 facto
517 2229 668 2305 episcopo,
680 2232 712 2289 et
721 2229 827 2307 pluras
836 2228 924 2289 uerbi
936 2228 1105 2304 ministros,

160 2328 194 2388 in
208 2328 322 2406 quibus
335 2330 367 2389 st
381 2328 558 2389 Paulinum.

201 2428 298 2487 Anno
312 2425 431 2502 DOIII,
447 2429 622 2505 pugnatum
636 2427 675 2487 ad
691 2426 889 2505 Degsastanre
899 2428 919 2487 ⁶.

46 2578 50 2585 .
201 2526 299 2586 Anno
312 2525 450 2601 DOIIII,
468 2526 642 2586 Orientalss
655 2527 793 2587 Saxones
806 2526 902 2587 fidem
916 2525 1033 2587 Christi
1046 2546 1111 2603 per·

161 2623 283 2702 cipiunt
296 2624 355 2684 sub
368 2643 439 2702 rege
454 2624 616 2685 Sabercto⁷
631 2624 772 2685 antistite
786 2624 915 2685 Mellsto.

202 2724 298 2783 Anno
312 2723 404 2797 DGV,
423 2724 592 2800 Gregorius
604 2724 689 2785 obiit

202 2823 299 2882 Anno
322 2820 465 2896 DGXVI,
489 2822 689 2883 Aedilberct⁸
713 2842 768 2881 rex
794 2821 1031 2883 cantuariorum
1059 2822 1110 2883 de·

44 2872 48 2881 Ι
162 2920 290 2981 functus
304 2922 359 2980 est

205 3020 300 3079 Anno
314 3018 468 3094 DOXXV,
486 3018 640 3079 Paulinus
653 3037 671 3077 a
685 3018 774 3078 Iusto
791 3017 1020 3095 archispiscopo
1034 3016 1112 3078 ordi·

163 3119 256 3178 natur
269 3116 357 3194 genti
371 3115 704 3194 Nordanhymbrorum
718 3116 856 3177 antistes

203 3218 301 3277 Anno
315 3214 488 3290 DGXXVL
507 3214 645 3289 llanfled,
664 3214 728 3276 filia
741 3210 899 3275 Aeduini⁹
913 3214 1002 3292 regis,
1015 3214 1112 3293 bapti·

162 3316 316 3375 astacum
330 3312 398 3373 XII
412 3314 446 3372 in
461 3313 587 3374 sabbato
601 3316 804 3391 pentocostes

203 3414 299 3473 Anno
318 3411 511 3487 DGXXVII,
528 3410 647 3472 Ilduini
655 3409 676 3443 ¹⁰
697 3431 751 3471 rex
771 3410 944 3488 baptizatus
964 3431 1036 3472 cum
1057 3432 1114 3473 sua

162 3514 255 3590 gente
268 3510 302 3570 in
316 3510 438 3587 pascha.

196 3624 205 3653 ¹
221 3625 341 3687 eclspsis‚
352 3628 436 3673 altered
448 3630 468 3673 to
479 3625 594 3687 eclypsis
605 3624 640 3673 ll.
728 3623 738 3653 ¹
754 3625 826 3687 solla,
839 3628 915 3674 added
925 3640 955 3672 on
965 3630 1061 3685 margin
1072 3625 1108 3688 ll,

163 3714 190 3758 ot
201 3712 236 3756 lte
246 3712 292 3757 aad
302 3710 390 3765 eslim.
410 3706 446 3767 Η,
458 3712 541 3757 insuta
551 3709 615 3757 solis
625 3711 685 3768 aster
696 3708 813 3758 tertiam.
846 3708 856 3736 ⁸
874 3707 937 3756 iulii
948 3708 978 3758 0.
1012 3706 1022 3736 ⁴
1036 3709 1108 3771 rig-C.

163 3786 173 3816 ⁸
190 3800 281 3835 annus
292 3784 342 3835 GL.
355 3784 390 3833 ll.
405 3784 450 3846 H„
530 3783 540 3811 ⁸
555 3786 661 3848 daegsa
674 3786 709 3846 0;
726 3799 772 3849 -uo
784 3786 811 3835 0.
825 3784 850 3834 N
859 3800 866 3845 3
883 3786 1050 3849 daigsestane
1062 3787 1111 3848 0‚;

163 3864 341 3926 daysastagns
352 3863 394 3925 0..
428 3864 580 3913 dalsastaue
593 3864 625 3914 D.
637 3864 680 3914 trc.
715 3862 725 3895 i
742 3864 897 3914 saeberclrto
908 3864 943 3919 ῦς
962 3864 1111 3928 sigberchto

165 3942 198 3991 D.
212 3942 256 3990 tro.
268 3941 310 4005 0,.
379 3940 647 4003 ⁸-bsrcht0;·berc
659 3942 692 3992 N.
765 3941 1110 4002 'eduinill30duuin1G

165 4022 184 4050 ¹⁰
201 4020 320 4069 oduuino
332 4020 361 4070 C.
609 4058 631 4099 Δ
645 4058 664 4099 a

201 4126 219 4183 †
