2859 4334
305 248 372 313 sm
602 246 935 336 mmmm

305 423 366 500 ipsi
381 422 558 499 ualuerint3
578 423 628 486 uel
648 428 732 487 certe
750 444 831 504 quos
846 423 908 502 ipsi
926 423 966 485 ds
983 421 1049 483 auis
1068 420 1256 483 satellitibus

306 523 344 583 ad
369 523 600 602 suscipiendam
623 527 786 585 tonsuram
806 523 960 601 promissa
982 520 1044 582 sibi
1064 520 1257 582 oboedientia
1422 492 1425 531 ¹

305 624 487 685 monachica
503 626 636 686 inuitare
650 625 816 703 quiuerint.
861 624 987 685 Horum
1000 622 1143 684 distortis
1154 621 1257 682 cohor

305 722 398 798 tibus,
413 742 492 798 suas,
507 743 585 801 quas
597 724 781 799 instruxere,
795 724 888 785 cellas
898 722 1040 801 implent,
1054 720 1257 797 multumque

305 821 434 881 informi
460 826 556 899 atque
589 822 750 883 inaudito¹
779 822 962 900 spectaculo,
993 821 1078 881 idem
1105 819 1168 897 ipsi
1194 818 1256 879 uiri

304 921 398 980 modo
423 920 565 999 coniugis
589 940 624 982 ac
652 921 823 982 liberorum
846 920 1106 1000 procreandomm
1130 917 1256 979 curam¹

305 1021 426 1096 gerunt,
438 1020 532 1079 modo
545 1021 746 1097 exsurgentes
758 1021 798 1081 ds
808 1019 971 1089 cubilibus,
983 1018 1057 1096 quid
1071 1018 1156 1078 intra
1168 1021 1256 1093 septa

304 1115 564 1177 monasteriorum
581 1117 647 1196 geri
666 1116 786 1194 debeat,
802 1118 912 1179 sedula
931 1116 1107 1177 intentione
1127 1120 1256 1192 pertrac-

303 1217 382 1276 tant
427 1214 512 1291 Quin
527 1216 622 1276 etiam
636 1217 702 1277 suis
721 1216 906 1293 coniugibus
923 1212 1256 1293 similiimpudentia·

304 1313 530 1389 construendis,
541 1316 578 1375 ut
588 1315 649 1392 ipsi
659 1315 758 1391 aiunt,
769 1316 966 1377 monasteriis
979 1316 1046 1377 loca
1055 1314 1253 1392 conquinmt,

304 1432 383 1491 quae
410 1412 477 1489 pari
505 1412 649 1488 stultitia,
677 1433 750 1475 cum
777 1414 843 1475 siut
870 1414 974 1490 laicae,
1004 1411 1194 1474 famularum
1221 1432 1256 1472 se

305 1510 423 1571 Christi
456 1512 647 1589 permittunt
681 1533 750 1574 esse
783 1514 926 1574 rectrices
933 1514 953 1575 ⁴.
1029 1510 1151 1588 Quibus
1184 1514 1256 1587 apte

303 1610 452 1670 conuenit
476 1610 555 1671 illud
578 1612 666 1689 uulgi
692 1612 907 1691 prouerbium,
936 1611 1009 1689 quia
1031 1630 1144 1688 uespae
1166 1610 1254 1668 fauos

303 1707 432 1784 quidem
452 1709 551 1769 facere
571 1710 666 1770 cum¹⁵
679 1712 810 1789 possint,
827 1732 893 1772 non
910 1714 1018 1771 tamen
1034 1710 1069 1770 in
1083 1708 1135 1769 his
1148 1708 1252 1781 mella,

303 1806 357 1867 sed
371 1808 476 1883 potius
489 1827 610 1868 uenena
623 1809 844 1871 thesaurizent.

130 1914 217 1970 Orisin
230 1914 260 1957 of
348 1923 392 1980 13.
417 1906 469 1966 Sic
489 1927 545 1984 per
565 1927 665 1968 annos
684 1908 807 1969 circiter
822 1908 961 1987 triginta,
978 1907 1038 1968 hoc
1051 1907 1121 1981 eat',
1139 1926 1178 1967 ex
1191 1925 1253 1983 quo

129 1973 172 2019 “¹⁰
183 1978 282 2029 system
302 2003 427 2064 Aldfrid
442 2024 497 2064 rex
510 2006 658 2067 humanis
671 2007 765 2067 rebus
776 2006 900 2067 ablatus
909 2009 966 2081 est,
977 2004 1138 2083 prouincia
1148 2008 1252 2065 nostra

301 2121 417 2162 uesano
431 2102 486 2163 illo
501 2124 602 2165 errore
613 2106 792 2166 dementata
804 2109 860 2181 est,
876 2108 914 2166 ut
928 2104 1036 2169 nullus
1048 2123 1128 2181 pene
1141 2103 1252 2164 exinde

302 2202 530 2278 praefectorum
548 2204 687 2265 extiterit
705 2204 761 2282 qui
778 2224 844 2265 non
861 2202 1044 2265 huiusmodi
1057 2203 1119 2263 sibi
1131 2220 1252 2262 monas·

303 2300 418 2361 terium
433 2301 467 2362 in
481 2301 591 2363 diebus
604 2323 678 2364 suae
691 2303 901 2381 praefecturae
908 2300 1140 2379 comparausrit,
1152 2320 1252 2361 suam·

302 2418 364 2475 que
386 2396 390 2479 t
409 2400 504 2460 simul
539 2402 703 2479 coniugem
737 2402 805 2479 pari
838 2404 927 2462 reatu
960 2400 1066 2461 nociui
1098 2402 1252 2460 mereatis
1269 2406 1370 2465 fw*

301 2497 501 2574 astrinxerit;
522 2518 557 2559 ec
577 2500 776 2577 praeualente
798 2500 935 2577 pessima
953 2498 1178 2561 consuetudine
1196 2497 1253 2559 mi·

302 2596 395 2656 nistri
409 2618 532 2675 quoque
549 2599 630 2677 regis
649 2618 684 2659 ec
702 2599 836 2660 famuli⁷
849 2599 934 2660 idem
947 2599 1046 2659 faeere
1064 2599 1253 2675 sategerint3

302 2698 397 2773 atque
417 2697 462 2757 ita
482 2697 592 2758 ordine
612 2717 758 2775 peruerse
778 2697 939 2759 innumeri
959 2697 1025 2758 sint
1045 2697 1177 2773 inuenti,
1196 2697 1252 2773 qui

303 2812 337 2855 se
359 2793 485 2855 abbates
508 2795 625 2873 pariter
646 2799 678 2857 et
701 2796 874 2875 praefectos
895 2795 984 2857 siue⁸
1007 2795 1172 2857 ministros
1197 2799 1252 2856 aut

303 2893 440 2954 famulos
454 2894 536 2972 regis
549 2894 718 2973 appellent,
736 2896 790 2973 qui
811 2895 870 2955 etsi
890 2895 1009 2973 aliquid
1028 2895 1111 2955 uitae
1131 2914 1253 2955 monas·

303 2992 422 3054 terialis
435 2993 589 3054 ediscere⁹
600 2993 671 3054 laici
684 3013 748 3055 non
763 2994 950 3072 experiendo
966 2994 1022 3055 sed
1036 2993 1191 3055 audiendo
1199 3014 1251 3071 po

303 3090 430 3167 tuerint,
447 3111 466 3151 a
478 3111 611 3168 persona
625 3096 732 3153 tamen
746 3092 802 3153 illa
814 3112 850 3153 ac
864 3093 1065 3171 professione,
1077 3112 1157 3170 quae
1170 3093 1253 3153 hanc

301 3191 409 3251 docere
423 3191 541 3261 debeat,
558 3189 660 3252 sunt¹⁰
679 3190 823 3252 funditus
839 3195 979 3252 exsortes
986 3188 1016 3253 ¹¹.
1061 3192 1104 3257 at
1122 3191 1251 3270 quidem

300 3289 380 3350 tales
400 3291 534 3367 repente,
554 3293 590 3350 ut
611 3289 704 3365 nosti,
722 3294 885 3351 tonsuram
904 3311 961 3369 pm
981 3310 1039 3352 suo
1060 3290 1154 3352 libitu
1175 3290 1250 3351 acci·

302 3388 403 3465 piunt,
420 3409 478 3449 suo
497 3388 641 3449 examine
655 3390 694 3450 de
708 3389 794 3451 laicis
807 3409 872 3450 non
886 3390 1040 3465 monachi,
1056 3390 1111 3451 sed
1124 3390 1253 3451 abbates

301 3485 485 3547 efficiuntur.
530 3487 590 3548 Sed
610 3487 682 3566 quia
701 3487 857 3565 praefatae
877 3486 1006 3549 uirtutis
1026 3481 1084 3548 ne'c
1103 3488 1251 3549 notitiam

335 3678 451 3731 ¹-tuH.
495 3680 757 3745 'curamprocnlt
803 3681 999 3744 ⁸immod-H.
1059 3680 1200 3731 ‘rectores
1212 3682 1249 3733 lt.

301 3758 495 3811 'summam
603 3760 1251 3823 ‘fortrigintahocestbitocmimmtlytbe

302 3840 372 3885 sorite
384 3842 432 3885 had
444 3840 514 3895 Mosa
525 3842 592 3887 him:
609 3838 874 3887 xxx·i·=xxxidsst.
943 3834 953 3863 ⁷
969 3838 1119 3887 familiabi.
1188 3838 1198 3864 '
1214 3840 1249 3888 si-

302 3914 359 3963 mul
371 3918 399 3963 et
411 3916 446 3964 M.
522 3916 576 3965 ’et
587 3916 688 3967 discere
701 3916 736 3967 Μ.
804 3915 824 3946 ¹⁰
840 3914 945 3967 sintii.
1014 3916 1248 3968 ”exortesfll
