2859 4334
457 290 591 353 auctore
612 286 805 374 Anonymo.
1041 288 1104 355 401

152 456 390 528 supputationem
410 459 625 517 consuetudinis
643 460 809 532 Anglorum,
828 459 1000 517 familiarum
1019 460 1107 519 ferme

152 548 271 601 centum
279 546 507 618 quinquaginte;
519 548 577 618 qui,
588 552 621 604 ut
631 566 649 605 a
658 566 707 605 suo
718 548 889 606 monasterio
898 549 1044 621 egressus¹
1055 551 1107 612 est,
1125 554 1172 601 nis
1181 554 1259 611 pisry,

152 651 243 703 usque
274 634 343 689 dum
371 634 449 691 diem
479 634 582 693 clausit
607 640 774 701 extremum,
804 640 927 707 excepta
950 636 1110 709 psalmodia

153 722 300 786 monica
307 726 355 779 ter
364 722 469 781 cotidie
481 724 649 794 psalterium
659 724 752 781 Dauid
762 723 773 757 ²
784 743 820 781 ex
827 724 925 781 ordine
934 724 1109 785 decantsuit.

152 810 262 867 addens
280 812 317 867 sd
335 811 569 869 consuetudinem
585 813 715 883 priscam,
728 830 785 883 qua
799 830 852 884 per
867 830 958 869 annos
973 813 1110 885 plurimos

153 898 198 954 bis
216 898 322 956 cotidie
346 900 475 957 canendo
501 900 669 971 psalterium
690 898 960 966 currere³s01ebat;
980 904 1011 957 et
1030 918 1109 957 sacre

154 987 308 1045 oblationis
325 987 449 1043 hostiam
466 1006 517 1059 pro
535 1007 564 1046 se
580 989 693 1058 suisque
710 989 836 1045 Domino
852 989 952 1046 offerre
967 989 1047 1045 nullo
1064 988 1110 1045 die

156 1074 359 1146 praetermisit,
376 1074 465 1132 etiam
482 1094 548 1133 cum
566 1095 635 1147 prae
650 1076 800 1134 nimietate
816 1076 962 1149 languoris
980 1076 1109 1147 equitare

153 1181 213 1219 non
238 1164 338 1221 ualens
356 1164 511 1221 caballario
531 1166 685 1222 ferreretur
702 1165 734 1220 in
758 1166 886 1238 grabato,
913 1169 1036 1236 excepta
1058 1165 1110 1221 illa

153 1248 295 1303 duntaxat
332 1265 396 1313 una,
427 1266 491 1319 qua,
516 1248 711 1319 quatientibus
741 1266 846 1306 nauem
874 1248 1016 1320 procellis,
1047 1252 1111 1305 tota

155 1335 306 1391 laborabat
319 1335 350 1391 in
365 1336 445 1405 mari,
458 1340 488 1393 et
500 1337 586 1391 111101
598 1340 665 1394 ante
679 1336 789 1394 obitum
801 1355 883 1393 suum
894 1336 1004 1393 dicbus.

189 1440 231 1493 34
251 1422 343 1479 Erant
354 1424 385 1479 in
405 1425 547 1481 comitatu
565 1424 625 1482 eius
644 1425 762 1481 LXXX·
781 1424 895 1482 circiter
911 1424 967 1479 uiri
990 1424 1111 1482 diuersis

156 1512 273 1568 collecti
285 1512 321 1569 de
334 1512 471 1583 pastibus,
484 1513 533 1583 qui
551 1512 634 1569 illum
652 1512 779 1569 uniuersi
791 1513 873 1583 quasi
887 1516 1000 1584 patrem
1012 1531 1110 1583 seque·

155 1598 280 1655 buntur⁴
292 1602 323 1656 et
336 1599 470 1656 colebant
483 1618 564 1656 suum
574 1598 593 1657 ⁵.
640 1600 714 1656 Nam
731 1604 762 1657 et
776 1599 838 1671 ipse
851 1600 911 1657 suis
922 1604 1110 1673 praeceperat
1147 1660 1152 1683 1

153 1687 158 1757 1
175 1686 322 1753 ministris,
336 1692 369 1743 ut
381 1688 406 1743 si
417 1688 522 1759 quem‘
533 1690 569 1746 de
583 1688 787 1745 comitantibus
804 1688 852 1746 se⁷
864 1688 1034 1746 alimentum
1051 1706 1110 1745 non
1126 1699 1178 1769 aad
1187 1698 1245 1744 cha-

154 1775 260 1832 babsre
282 1774 487 1847 cooperuissent,
509 1776 659 1833 confestim
680 1776 708 1833 ei
726 1777 777 1833 uel
798 1777 895 1833 cibum
916 1778 964 1833 uel
985 1778 1110 1849 pretium
1126 1762 1185 1813 ’Μ’

154 1862 274 1928 darent;
293 1867 355 1921 erat
373 1864 481 1935 quippe
499 1868 603 1921 natura
617 1864 787 1934 misericors,
801 1868 831 1922 ct
845 1882 1003 1936 pauperum
1019 1866 1112 1922 cultor

155 1950 285 2009 eximius.
324 1952 451 2023 Denique
464 1952 628 2023 profecturo
642 1956 671 2009 et
684 1953 883 2024 proficiscente
895 1952 946 2010 illo
959 1954 1111 2009 unanimus

154 2056 309 2111 egenorum
334 2057 528 2113 uagommque
551 2041 685 2115 gemitus,
703 2041 785 2113 quasi
809 2046 893 2113 patre
912 2058 942 2098 se
967 2045 998 2098 et
1018 2041 1111 2097 altore

154 2128 335 2195 destitutum,
348 2129 516 2186 testabatur.
553 2129 631 2197 Quod
644 2129 762 2187 uirtutis
773 2148 864 2203 genus
875 2129 937 2201 ipse
949 2146 1008 2186 non
1019 2130 1110 2187 solum

154 2214 260 2273 timore
278 2220 309 2273 et
326 2235 421 2274 amore
441 2235 562 2288 superno
581 2219 821 2285 commendatum,
841 2218 890 2275 sed
908 2221 938 2274 et
956 2236 975 2273 a
990 2220 1110 2289 parente

153 2306 235 2377 qnasi
252 2306 426 2363 hereditario
439 2306 499 2363 iure
518 2311 688 2379 susceptum,
704 2308 819 2364 sedulus
833 2324 964 2364 exercere
982 2307 1110 2363 curabat.

155 2394 303 2465 Siquidem
316 2398 400 2465 pater
412 2394 507 2465 ipsius,
521 2413 586 2451 cum
607 2395 817 2451 nobilissimum
838 2393 992 2451 comitatus
1012 2398 1111 2465 ageret
1126 2400 1254 2447 necuere

154 2483 287 2547 officium,
295 2483 328 2538 in
339 2487 452 2539 tautum
465 2483 665 2553 misericordie,
674 2502 748 2554 quae
756 2485 790 2539 fit
799 2484 832 2539 iu
840 2500 989 2555 pauperes,
999 2500 1112 2553 semper
1126 2460 1218 2565 ξιξ,

155 2572 292 2643 operibus
309 2572 461 2645 gaudebat,
475 2575 508 2627 ut
526 2590 591 2628 cum
606 2573 730 2642 quodam
746 2575 877 2643 tempore
893 2570 1111 2643 permagnificas

155 2659 337 2731 suscipiendo
361 2659 422 2733 regi
446 2660 546 2731 epulas
570 2662 707 2732 parasset,
732 2661 781 2717 ssd
806 2659 883 2716 bunc
907 2658 1111 2731 superueniens

155 2747 307 2819 inopinata
323 2749 393 2805 belli
412 2749 573 2815 necessitas,
593 2766 629 2805 ne
649 2765 682 2806 eo
701 2749 800 2805 uenire
819 2751 924 2819 posset,
944 2748 1109 2811 retardaret,

157 2834 207 2893 ille
231 2836 340 2907 gratias
370 2836 468 2893 diuine
492 2836 699 2908 dispensationi
730 2838 857 2894 referens
887 2835 985 2893 statim
1013 2853 1111 2891 omues

155 2942 303 2997 pauperes,
329 2923 503 2996 peregrinos,
521 2925 692 2997 languentes
714 2925 934 2995 circumquaque
955 2923 1052 2979 uocari
1073 2924 1110 2979 sd

154 3014 265 3084 epulas,
279 3016 308 3071 et
320 3030 374 3084 que
388 3010 449 3085 rogi
466 3017 581 3069 terreno
600 3030 634 3068 ac
652 3011 790 3069 ministris
808 3013 870 3069 cius
888 3011 1028 3069 exibenda
1047 3028 1110 3081 pro·

155 3104 299 3171 posuerat,
312 3119 422 3157 summo
431 3100 489 3157 iam
503 3100 575 3173 Regi
584 3100 616 3155 in
628 3098 785 3155 humihbus
797 3100 875 3155 illius
888 3105 1004 3157 aeterne
1016 3097 1111 3170 gratia

155 3188 353 3247 retributionis
374 3188 535 3257 exibuerit;
560 3188 622 3259 ipse
642 3188 760 3259 quidem
782 3206 835 3259 per
855 3206 885 3244 se
906 3186 1030 3243 maribus
1049 3204 1111 3243 om·

157 3296 223 3335 nem
241 3277 401 3349 inpendens
418 3278 597 3342 famulatum,
617 3294 701 3347 porro
723 3276 874 3348 coniugem
895 3294 974 3331 suam
995 3275 1110 3331 feminis

155 3365 335 3423 humillimae
357 3365 526 3422 ancillatum
552 3365 678 3421 famulae
701 3382 754 3436 per
776 3364 898 3435 seipsam
923 3363 956 3419 in
979 3362 1111 3419 omnibus

156 3452 272 3511 exibere
283 3452 472 3524 praecipient

194 3557 211 3612 3
214 3555 237 3613 5.
257 3540 393 3598 Peruenit
404 3543 500 3597 autem
511 3538 653 3612 lingonas
665 3538 825 3597 ceolfridus
836 3537 911 3595 circa
920 3540 930 3570 ⁰
940 3539 1039 3596 horam
1051 3540 1110 3597 diei
1127 3548 1173 3595 nis
1182 3562 1265 3607 ressp-

158 3628 283 3695 aarum,
301 3626 442 3700 septimo·
457 3627 515 3683 sn.
530 3628 629 3684 ocos.
643 3630 676 3683 us
691 3626 824 3694 numa,
840 3626 999 3699 incipiente
1017 3628 1110 3687 snare·
1126 3609 1216 3655 ‘¹⁰⁰⁸‘

192 3786 262 3835 ¹·su
275 3785 311 3835 H.
394 3782 597 3834 'dauidmd
688 3784 826 3835 'curret
908 3784 1060 3848 ‘ssquseb
1072 3785 1108 3836 Η.

157 3864 398 3928 'enumerasset
479 3861 617 3925 ‘quidem
628 3861 665 3912 Η.
748 3860 898 3915 ἨΜ
985 3862 1110 3915 'circam

156 3944 223 3995 Ed.
291 3941 437 3992 ·vn111.
627 3982 632 3993 .

607 4022 664 4087 od
