2859 4334
332 261 397 325 300
610 263 769 329 Hietom'a
789 261 1021 329 Ecclesiastico
1170 274 1269 340 [aaa

333 440 372 509 et,
401 456 629 515 quemcumque
649 457 716 497 sors
737 437 917 511 ostenderit,
941 436 1026 497 hune
1047 440 1188 513 tempore
1208 436 1271 497 belli

333 535 443 594 ducem
465 556 576 595 omnes
598 539 781 614 sequuntur,
808 535 881 595 huic
902 536 1138 612 obtemperant;
1158 538 1272 612 peracto

333 636 438 693 autem
462 634 553 710 bello,
581 655 705 695 rursum
727 636 865 712 aequalis
887 636 1045 711 potentiae
1068 654 1180 694 omnes
1201 635 1273 694 fiunt

332 736 480 810 satrapae.
526 734 669 809 Suscepit
687 753 759 809 ergo
778 753 831 793 eos
850 732 972 807 uilicus,
994 737 1026 793 et
1042 734 1230 810 promittens
1247 752 1274 793 se

333 829 459 891 mittere
473 850 525 891 eos
535 832 573 891 ad
588 836 752 909 satrapam,
770 832 826 910 qui
837 852 931 909 super
940 852 973 891 se
984 835 1057 906 erat,
1075 834 1110 891 ut
1122 832 1271 909 petebant

333 929 452 1005 aliquot
464 930 575 990 diebus
588 948 695 990 secum
709 930 848 991 retinuit.

375 1029 436 1103 Qui
462 1048 536 1089 oum
564 1028 681 1107 cogniti
712 1033 817 1089 essent
843 1050 863 1089 a
890 1029 1034 1103 barbaris,
1065 1030 1148 1107 quod
1178 1033 1275 1089 essent

332 1127 461 1187 alterius
495 1126 663 1205 religionis,
695 1127 781 1202 (nam
816 1132 848 1189 et
878 1128 1008 1205 psalmis
1038 1148 1162 1205 semper
1190 1132 1275 1206 atque

332 1225 525 1285 orationibus
549 1226 708 1301 uocabant,
736 1230 768 1286 et
792 1227 904 1287 cotidie
924 1225 1109 1287 sacrificium
1131 1228 1200 1287 Deo
1224 1228 1276 1288 uie

332 1324 428 1384 timae
455 1324 598 1384 salutaris
629 1324 808 1400 offerebant,
839 1325 991 1385 habentes
1020 1346 1127 1385 secum
1156 1327 1276 1386 uascula

332 1442 417 1483 saera
432 1427 463 1483 et
478 1423 616 1483 tabulam
633 1423 741 1483 altaris
758 1424 826 1483 uice
844 1424 1038 1499 dedicatam),
1055 1426 1193 1501 suspecti
1207 1429 1276 1485 sunt

331 1522 438 1596 habiti,
456 1522 536 1599 quia,
549 1524 575 1582 si
589 1523 790 1599 peruenirent
799 1523 838 1583 ad
853 1526 1017 1600 satrapam,
1034 1526 1066 1583 et
1080 1524 1276 1601 loquerentur

331 1639 402 1679 eum
424 1620 487 1693 illo,
515 1623 693 1680 auerterent
715 1619 808 1679 illum
831 1640 850 1680 a
871 1620 932 1681 diis
950 1621 1023 1696 suis,
1048 1622 1140 1682 etad
1166 1642 1275 1681 nouam

331 1719 525 1779 Christianae
547 1720 620 1780 fidei
642 1716 824 1795 religionem
844 1719 1057 1794 transferrent,
1081 1720 1189 1797 sicque
1211 1740 1276 1797 pau

330 1816 420 1877 latim
441 1818 544 1877 omnis
560 1838 668 1878 eorum
686 1817 847 1895 prouincia
865 1822 1004 1878 ueterem
1021 1823 1182 1896 cogeretur
1201 1839 1275 1879 noua

331 1920 453 1976 mutare
480 1917 644 1978 culturam.
689 1916 801 1994 Itaque
828 1920 998 1994 rapuerunt
1026 1938 1079 1978 eos
1106 1919 1218 1992 subito,
1247 1920 1274 1977 et

332 2015 577 2091 interemerunt3
609 2016 730 2077 Album
766 2017 894 2095 quidem
923 2016 1146 2079 Heuualdum¹
1181 2016 1274 2077 ueloci

331 2116 481 2175 occisione
501 2115 605 2192 gladii,
631 2117 791 2195 Nigellum
812 2125 917 2178 autem
941 2118 1035 2195 longo
1055 2117 1273 2194 suppliciomm

332 2214 478 2289 cruciatu,
504 2217 535 2274 et
560 2216 712 2276 honenda
730 2216 734 2295 1
752 2217 966 2277 membrorum
986 2217 1130 2276 omnium
1151 2216 1274 2291 discerp
1288 2222 1363 2267 tut

331 2311 435 2387 tione;
457 2332 535 2388 quos
549 2313 733 2375 interemtos
746 2316 781 2375 in
801 2315 929 2375 Rheno²
943 2314 1148 2392 proiecerunt
1193 2312 1273 2388 Quod

331 2429 403 2469 cum
436 2414 556 2487 satrapa
588 2412 648 2487 ille,
666 2434 775 2491 quem
807 2415 914 2475 uidere
944 2413 1101 2487 uolebant,
1132 2413 1271 2483 audisset,

330 2507 428 2568 iratus
447 2513 495 2569 est
517 2511 615 2587 ualde,
636 2513 719 2589 quod
736 2514 775 2573 ad
792 2534 826 2573 se
844 2513 951 2572 uenire
967 2512 1110 2572 uolentes
1128 2509 1274 2589 peregrini
1395 2515 1396 2598 l

331 2626 395 2666 non
419 2610 674 2684 permitterentur
686 2634 693 2685 ;
722 2614 754 2670 et
774 2612 904 2672 mittens
925 2611 1036 2671 occidit
1058 2612 1187 2672 uicenos
1208 2609 1275 2668 illos
1287 2614 1377 2690 4¹¹³ss

331 2724 449 2781 omnes,
480 2709 648 2786 uisumque
681 2710 826 2771 incendio
860 2712 1041 2771 consumsit
1086 2711 1176 2770 Pessi
1205 2710 1274 2768 sunt
1288 2688 1342 2723 Ν
1395 2733 1396 2742 ¹

330 2808 435 2864 autem
453 2808 582 2882 praefati
599 2810 771 2869 sacerdotes
791 2812 823 2868 et
844 2808 955 2869 famuli
975 2809 1092 2871 Christi
1112 2809 1164 2869 V0.
1182 2808 1273 2868 Nona·

329 2922 400 2964 rum
416 2905 598 2966 Octobrium
612 2907 671 2967 die.

372 3004 436 3063 Nec
468 3005 617 3082 martyrio
650 3024 758 3066 eorum
792 3007 940 3069 caelestia
965 3007 1092 3067 defuere
1123 3002 1271 3067 miracula.

331 3102 412 3162 Nam
436 3122 507 3162 cum
528 3107 668 3180 peremta
689 3124 797 3164 eorum
818 3126 945 3182 corpora
964 3106 1059 3180 amni,
1076 3109 1113 3165 ut
1134 3106 1268 3171 diximus,

330 3216 348 3255 a
377 3198 505 3273 paganis
537 3201 640 3259 essent
669 3198 792 3274 iniecta,
823 3200 962 3277 contigit,
998 3204 1034 3260 ut
1068 3201 1145 3260 haec
1174 3201 1272 3258 contra

331 3295 486 3372 impetum
496 3296 586 3356 fluuii
598 3297 796 3375 decurrentis,
814 3319 869 3375 per
880 3299 938 3358 XL
949 3299 1013 3358 fere
1023 3299 1112 3359 milia
1122 3314 1270 3375 passuum.

331 3395 369 3454 ad
398 3414 434 3453 ea
458 3415 557 3473 usque
584 3397 658 3472 loca,
687 3398 741 3457 ubi
764 3398 892 3458 illorum
916 3402 1004 3458 erant
1029 3398 1113 3473 socii,
1139 3397 1272 3458 transier-

331 3496 441 3553 rentur
449 3490 469 3555 ³.
515 3494 576 3554 Sed
598 3498 629 3555 et
649 3495 757 3556 radius
780 3498 859 3557 lucis
880 3496 1102 3575 permaximus,
1129 3500 1216 3573 atque
1233 3493 1271 3553 ad

331 3591 450 3651 caelum
468 3613 568 3669 usque
586 3594 677 3669 altus,
695 3596 783 3655 omni
799 3599 891 3656 nocte
909 3615 1004 3672 supra
1020 3596 1124 3655 locum
1143 3593 1270 3672 fulgebat

330 3690 430 3765 illum,
459 3692 646 3769 ubicumque
667 3696 722 3753 ea‘
745 3694 925 3771 peruenisse
946 3694 1146 3773 contingeret,
1169 3697 1198 3753 et
1215 3692 1270 3751 hcc

364 3838 478 3901 ¹suc¹;
495 3843 641 3892 heauuald-
654 3843 691 3894 0².
766 3842 920 3894 ’hrenoR
935 3844 1009 3896 cn.
1075 3842 1226 3893 ⁸·ferentur
1235 3837 1269 3887 Ι.
1395 3827 1396 3876 f

330 3919 482 3982 0-H1·W¹.
560 3924 631 3975 ‘eos
643 3926 677 3976 Μ.
