2859 4334
519 2 625 12 *vv-v·-

150 250 294 314 cmm]
452 240 567 308 Gentis
589 242 795 328 nuptorum.
1035 244 1099 308 303

151 408 241 484 Quod
262 410 314 487 ita,
331 414 368 471 ut
386 412 526 489 petierat,
546 413 702 490 inpletum
720 416 776 489 est,
793 434 876 475 enno
897 414 937 474 ab
959 412 1100 473 incarna-

150 508 237 568 tione
272 510 402 571 Domini
437 511 605 574 DCXOVI.
651 512 823 573 Ordinatus
852 515 901 574 est
928 517 1034 573 autem
1064 512 1100 571 in

151 607 279 669 eeclesia
306 612 428 669 sanetae
455 611 604 689 martyris
631 612 770 688 Oeoiliae,
801 613 852 673 die
878 612 993 673 natalis
1023 611 1098 684 eius,

151 705 288 784 inposito
312 708 372 768 sibi
398 729 418 768 a
444 729 525 787 papa
550 715 723 771 memorato
750 712 879 772 nomine
906 709 1101 781 Clementis3

151 824 188 865 ae
212 825 286 866 mox
313 808 463 868 remissus
486 810 525 869 ad
554 811 659 871 sedem
687 810 881 888 episcopatus
907 811 965 886 sui,
993 809 1026 869 id
1054 812 1102 868 est

152 907 225 981 post
236 905 304 965 dies
319 906 432 981 XIIII,
449 927 487 968 ex
502 908 563 985 quo
577 909 612 968 in
626 909 736 969 urbem
750 913 887 970 uenerat

194 1004 332 1065 Donauit
356 1008 461 1065 autem
486 1006 514 1067 ei
537 1006 654 1084 Pippin
676 1008 783 1069 locum
804 1008 967 1069 cathedrae
990 1005 1104 1083 episoo-
1120 1018 1260 1064 nissam

151 1102 252 1179 pslis¹
274 1105 308 1163 in
328 1105 455 1165 castello
475 1126 532 1166 suo
548 1106 683 1183 inlustri,
705 1108 788 1185 quod
809 1107 937 1185 antiquo
960 1106 1102 1184 gentium
1120 1079 1234 1125 Uneoha

152 1201 282 1263 illarum
300 1203 396 1264 uerbo
419 1204 586 1283 Uiltuburg
595 1204 613 1280 ¹,
635 1207 667 1266 id
685 1210 735 1267 est
755 1206 913 1284 Oppidum
930 1206 1098 1279 Uiltorum,

152 1300 262 1379 lingua
276 1305 382 1363 autem
397 1302 515 1365 Gallica
529 1305 706 1365 Traiectum
727 1311 876 1381 uooatur;
896 1306 931 1365 in
949 1326 1011 1384 quo
1024 1304 1104 1364 aedi·

153 1398 245 1461 ficata
264 1401 397 1477 ecelesia,
415 1404 688 1465 reuerentissimus
708 1406 849 1482 pontifex
867 1404 960 1483 longe
978 1405 1103 1482 lateque

153 1500 286 1559 uerbum
300 1499 373 1559 fidei
385 1501 571 1579 praedicans,
588 1503 767 1581 multosque
776 1504 816 1564 ab
827 1524 930 1564 errore
943 1522 1099 1573 reuooans,

153 1597 260 1675 plures
280 1618 336 1675 per
357 1599 427 1659 illas
447 1601 588 1679 regiones
609 1602 759 1677 ecelesias,
788 1602 843 1663 sed
864 1605 897 1663 et
916 1600 1105 1663 monasteria

25 1706 49 1753 :1
154 1697 310 1757 nonnulla
324 1700 504 1760 oonstruxit.
527 1699 531 1777 l
550 1701 632 1761 Nam
648 1722 714 1761 non
731 1701 833 1761 multo
852 1704 923 1778 post
938 1701 1016 1760 alios
1033 1718 1105 1776 quo

154 1816 216 1873 que
239 1796 304 1856 illis
327 1796 362 1857 in
387 1798 565 1874 regionibus
586 1799 654 1877 ipse
677 1800 841 1861 eonstituit
868 1798 1044 1860 antistites³
1067 1818 1105 1857 ex

155 1914 264 1957 eorum
279 1916 411 1956 numero
424 1896 564 1971 fratrum,
583 1899 637 1976 qui
651 1900 702 1960 uel
719 1918 832 1974 seeum,
850 1899 903 1959 uel
916 1900 988 1976 post
1001 1917 1035 1957 se
1049 1896 1104 1956 illo

154 1997 194 2057 sd
217 1997 458 2073 praedicandum
481 2002 651 2074 uenerant;
673 1998 844 2074 exquibus
863 1996 1018 2075 aliquanti
1041 1995 1105 2054 iam

34 2117 58 2146 ·¹
105 2117 126 2149 r·
154 2097 352 2160 dormierunt
371 2100 404 2159 in
422 2098 566 2160 Domino.
611 2099 684 2177 Ipse
703 2101 808 2159 autem
826 2096 983 2169 Uilbrord,
998 2114 1106 2171 cogno

25 2174 47 2209 '⁷'
155 2200 265 2257 mento
279 2197 431 2273 Clemens,
448 2198 549 2259 adhue
563 2200 711 2275 superest,
729 2197 822 2273 longa
835 2195 899 2255 iam
917 2194 1106 2255 uenerabilis

154 2298 263 2371 aetate,
295 2300 403 2373 utpote
430 2296 623 2357 tricesimum
650 2300 681 2356 et
714 2298 839 2355 sextum
867 2294 900 2353 in
928 2293 1105 2370 episcopatu

155 2394 276 2455 habeus
299 2415 427 2470 annum,
454 2399 486 2456 et
508 2398 578 2472 post
600 2393 791 2471 multiplices
813 2392 945 2453 militine
965 2391 1106 2452 caelestia

155 2513 271 2571 agones
285 2496 323 2555 ad
338 2495 475 2572 praemia
485 2493 746 2556 remunerationis
758 2510 909 2570 supernae
921 2493 987 2553 tota
1001 2493 1106 2551 monte

156 2612 324 2669 suspirans

536 2828 629 2890 GAP.
652 2827 729 2889 XIL

160 2996 189 3041 Ul
199 2996 298 3052 quidam
310 2998 337 3041 ιἰι
345 2996 470 3051 prouincia
483 2995 729 3049 Nordoatymtromm
739 3006 755 3038 ιι
766 2992 864 3037 mortuis
875 3002 996 3047 resumens
1004 2989 1078 3035 malo
1089 2993 1110 3035 a!

308 3076 426 3119 nmmdo
437 3077 457 3121 ee
468 3074 628 3127 meando,
639 3086 698 3129 quoe
708 3073 807 3129 uuam,
821 3071 963 3117 macrae.

199 3226 265 3287 His
294 3227 487 3303 temporibus
517 3224 705 3285 miraculum
736 3220 936 3283 memorabile
967 3222 999 3280 et
1031 3217 1110 3278 anti·
1127 3238 1280 3294 nrymelm’s

158 3347 292 3406 quorum
315 3326 417 3387 simile
437 3325 471 3385 in
492 3323 647 3385 Brittania
667 3323 784 3383 factum
806 3324 860 3381 est.
907 3320 1048 3395 Namque
1069 3317 1108 3378 ad
1125 3299 1254 3403 fflfflr

157 3426 378 3486 excitationem
413 3424 591 3484 uiuentium
623 3424 661 3482 de
694 3424 795 3481 morte
821 3419 951 3492 animae,
982 3418 1108 3494 quidam
1126 3418 1212 3463 '⁰¹¹⁶-

157 3524 339 3603 sliquandiu
365 3525 507 3583 mortuus
528 3522 566 3582 ad
589 3521 688 3581 uitam
712 3518 882 3579 resurrexit
910 3516 1051 3593 corporis,
1077 3520 1108 3574 et

157 3624 260 3683 multa
274 3627 445 3683 memoratu
455 3622 556 3698 digna,
570 3640 649 3697 quae
658 3619 787 3692 uiderat,
799 3617 953 3689 narrauit3
967 3614 1109 3691 equibus

157 3724 208 3785 hio
230 3722 335 3801 aliqua
355 3720 511 3780 breuiter⁴
529 3717 766 3797 perstringenda
784 3735 851 3775 esse
870 3712 987 3792 putaui.
1033 3712 1109 3772 Erat

156 3921 234 3969 ¹·las
246 3914 292 3969 bil.
341 3912 659 3972 ’Nasamonum
710 3910 849 3961 ’antistes
862 3910 893 3959 N.
959 3907 1108 3959 ‘mab-0¹.
1156 3922 1178 3984 Q

1141 4007 1159 4048 Q
