2859 4334
467 265 514 329 De
539 262 642 330 obito
663 266 802 331 Baedue.
1041 266 1132 331 clxiii

129 437 233 498 mihi¹
257 436 382 498 difficile
409 437 488 497 tibi²
511 458 578 497 esse
604 439 676 516 plus
703 443 735 499 te
763 440 967 517 intenugsro'
979 462 987 515 ;
1019 443 1051 500 st
1078 440 1133 499 ille

129 534 246 613 inquit,
274 536 380 596 ‘facile
400 536 486 609 est⁸3
506 537 609 614 accipe
629 541 721 598 tuum
742 538 904 613 calamum,
929 543 961 600 et
981 541 1127 616 tempero,

129 634 396 712 festinanterque⁴
424 635 544 695 seribe’
598 636 640 696 Et
667 637 723 696 ille
750 637 827 697 h00⁶
855 638 935 699 feeit.
988 639 1020 698 A
1047 658 1131 698 nono

130 734 227 793 born·
248 735 327 794 dixit
351 733 451 794 mihi:
482 734 649 809 ‘quaedam
677 737 814 812 precioso
842 736 876 796 in
905 756 973 797 mes
1000 737 1133 812 capsella

129 833 240 907 habeo,
271 832 304 892 id
332 836 380 893 est
407 834 560 910 piperum,
591 834 696 908 oraria,
728 837 760 893 et
786 835 932 908 iuoeusa;
963 836 1017 896 sed
1044 856 1132 895 ourre

130 932 290 1005 uelociter,
307 934 340 991 et
357 932 474 991 odduo⁷
489 930 676 1009 presbiteros
693 932 793 992 nostri
812 934 991 994 monosterii
1010 934 1048 993 ud
1068 954 1127 1007 me,

130 1034 166 1089 ut
196 1034 228 1090 et
249 1050 306 1108 ego
326 1030 522 1099 munusculo,
549 1030 651 1106 qualis
671 1030 771 1089 mihi⁸
796 1032 881 1091 Deus
904 1032 1041 1106 donauit,
1065 1032 1130 1092 illis

129 1128 359 1189 distribuem’.’
399 1129 442 1188 Et
460 1129 519 1188 hoo
533 1148 605 1187 oum
625 1130 758 1188 tremore
771 1130 850 1205 ieoi3
871 1132 902 1189 et
916 1130 1130 1208 praesentibus

129 1226 199 1287 illis
217 1227 343 1287 loeutus
361 1231 410 1287 est
429 1227 543 1287 od'eos
566 1231 598 1287 et
622 1246 880 1305 unumquemque
890 1229 917 1303 ¹⁰,
942 1248 1078 1289 monens
1098 1233 1130 1289 et

127 1324 295 1385 obsecrans
312 1345 368 1401 pro
381 1346 418 1385 eo
431 1324 544 1385 missus
557 1325 724 1403 diligenter
736 1330 767 1385 et
786 1327 940 1388 orationes
957 1329 1057 1389 iecere
1070 1350 1078 1403 ;
1099 1331 1131 1388 et

129 1426 177 1484 illi
206 1423 339 1485 libenter
362 1424 585 1501 respondere¹¹.
630 1425 794 1503 Lugebsnt
817 1428 930 1503 autem,
954 1427 987 1486 et
1012 1426 1131 1487 flebunt

128 1543 249 1597 omnes,
265 1523 402 1584 maxime
416 1526 522 1583 autem
539 1522 575 1581 in
594 1523 691 1584 uerbo
704 1525 787 1601 quod
802 1525 929 1599 dixerat,
947 1526 1019 1602 quio
1038 1526 1127 1585 sesti·

129 1626 254 1682 msrent
264 1622 347 1699 quod
358 1622 468 1682 lsoiem
478 1622 544 1681 eius
554 1622 690 1698 amplius
703 1641 766 1682 non
778 1623 881 1682 multo
891 1623 925 1682 in
935 1623 994 1683 hoo
1005 1623 1127 1683 soeculo
1140 1630 1175 1675 cf.
1188 1633 1241 1675 Act·
1254 1646 1292 1676 xx-

128 1720 264 1780 essent¹²
285 1720 392 1781 uisuri
437 1719 622 1780 Goudebont
643 1723 750 1780 autem
770 1722 810 1781 de
834 1741 871 1780 eo
895 1723 976 1797 quod
988 1722 1007 1755 ¹³
1029 1722 1127 1783 dixit:
1140 1704 1172 1746 ³⁷⁹
1184 1695 1215 1744 ’ἃ

130 1822 275 1896 ‘tempus
288 1821 343 1893 est,
360 1819 388 1879 si
400 1819 445 1878 sio
459 1818 580 1878 Footori
596 1838 667 1879 meo
685 1819 818 1893 uidetur,
835 1822 870 1879 ut
888 1819 927 1879 ed
941 1840 1015 1880 eum
1035 1820 1127 1881 modo

127 1918 292 1977 absolutus
312 1937 350 1976 ex
374 1937 466 1977 corne
487 1917 622 1989 ueniam,
646 1917 700 1994 qui
721 1937 780 1992 me,
803 1918 928 1995 quando
948 1938 1012 1978 non
1031 1938 1124 1989 eram,

128 2035 166 2074 ex
177 2015 198 2047 ¹⁴
222 2016 322 2076 nihilo
346 2016 502 2075 formauit.
555 2016 692 2075 Multum
713 2018 839 2093 tempus
859 2016 933 2089 uixi,
957 2016 1128 2093 beneque¹⁵

128 2114 209 2173 mihi
223 2114 294 2191 pius
306 2114 406 2175 Iudex
419 2113 519 2174 uitem
534 2133 636 2173 meum
650 2114 812 2191 proeuidit.
857 2113 993 2191 Tempus
1006 2114 1126 2176 obsolu-
1139 2122 1200 2224 iisd
1210 2122 1271 2166 Tim-

127 2212 227 2272 cionis
240 2231 327 2271 mene
340 2232 435 2291 prope
448 2215 504 2286 est,
521 2212 638 2271 etenim
652 2213 757 2272 animo
770 2232 840 2273 meu
854 2213 1007 2273 desiderat
1021 2232 1125 2292 regem
1139 2240 1174 2287 cs
1188 2242 1219 2284 12

128 2330 235 2370 meum
244 2310 404 2372 Christum
412 2310 448 2371 in
458 2311 566 2371 deoore
576 2331 633 2370 suo
644 2310 749 2370 uidere
755 2311 794 2371 ¹⁸.'
823 2311 874 2371 Sio
884 2311 985 2372 stolio
995 2311 1096 2373 multe
1108 2312 1127 2345 ¹⁷
1138 2300 1223 2345 mur.
1235 2315 1262 2355 ¹⁷·

128 2408 275 2468 utilitatis
298 2428 389 2469 causo
411 2409 451 2469 ed
478 2409 726 2469 aedificationem
751 2407 921 2469 nostrsm¹⁸
945 2409 1068 2471 loeutus
1092 2411 1125 2473 in

128 2508 231 2567 lotitia
254 2507 338 2568 diem
362 2507 511 2567 ultimum
523 2510 542 2539 ¹⁰
561 2528 661 2583 usque
687 2507 726 2567 sd
750 2526 915 2584 uesperum
940 2508 1039 2569 duxit.
1084 2511 1126 2569 Et

128 2606 284 2683 praelatus
303 2626 390 2683 puer,
409 2608 538 2666 nomine
559 2605 757 2679 Uuilberohe‚
774 2606 906 2667 adhuo²⁰
925 2608 1024 2669 dixit:
1048 2613 1126 2668 ‘rnu-

126 2706 223 2783 gister
235 2705 353 2779 dilecte,
370 2706 467 2765 restet
480 2704 580 2765 adhue
595 2724 658 2764 unu
671 2704 829 2766 sententie
841 2725 906 2765 non
915 2705 936 2739 ²¹
953 2707 1125 2783 descripta!

160 2890 166 2917 ¹
184 2888 236 2937 tibi
247 2886 308 2937 edd.
392 2886 404 2917 ²
421 2887 472 2935 tibi
484 2902 529 2935 om.
542 2886 604 2935 odd.
686 2888 697 2918 ⁸
713 2887 764 2937 iso.
775 2891 817 2937 est
826 2889 918 2949 inquit
929 2890 991 2938 edd.
1073 2889 1081 2919 ¹
1098 2894 1125 2939 et

125 2970 185 3017 lest.
197 2966 260 3015 edd.
401 2964 411 2993 ³
427 2966 499 3027 quod
511 2966 558 3013 ille
569 2964 630 3014 edd.
772 2964 782 2993 ⁸
797 2968 832 3015 nd
844 2982 945 3015 nonum
957 2968 1051 3016 horum
1063 2968 1123 3019 edd.

122 3046 130 3071 ²
149 3044 240 3095 edduo
249 3048 311 3103 ofler
321 3043 478 3093 monosterii
490 3042 551 3092 edd.
662 3042 672 3071 '
687 3045 758 3093 mihi
770 3060 815 3094 om.
828 3045 888 3095 edd.
997 3045 1007 3074 ⁰
1023 3046 1125 3095 diuites

123 3128 215 3173 autern
232 3122 263 3171 in
280 3124 330 3171 hoo
346 3123 451 3171 saeculo
466 3135 571 3183 surum,
587 3124 738 3185 argentum,
755 3126 783 3171 et
798 3122 853 3171 slis
870 3136 990 3185 quaeque
1007 3126 1125 3186 pretioso

123 3204 189 3251 dure
204 3198 334 3259 student;
350 3215 399 3262 ego
414 3202 504 3248 autern
523 3213 585 3247 eum
602 3200 690 3248 mults
708 3200 820 3249 osritste
838 3204 866 3249 et
883 3201 979 3263 gaudio
996 3202 1124 3251 frutribus

123 3282 192 3329 meis
201 3280 278 3339 dubo,
291 3279 363 3341 quod
374 3279 448 3327 Deus
458 3276 700 3327 dederstoddedd.
869 3277 888 3305 ¹⁰
904 3282 931 3328 et
942 3280 1073 3329 allocutus
1083 3286 1124 3331 est

123 3374 256 3420 unumqu.
266 3357 327 3408 edd.
400 3357 416 3386 ¹¹
433 3357 520 3405 faeere
531 3355 602 3418 quod
616 3392 622 3405 .
637 3392 661 3407 ..
675 3356 878 3420 spoponderunt
890 3357 951 3406 edd.
1025 3354 1043 3384 ¹²
1059 3361 1124 3420 quis

122 3452 194 3500 amp.
207 3439 257 3487 sse.
270 3450 347 3485 susm
358 3435 387 3485 in
398 3436 448 3484 hoo
460 3450 526 3483 seeo.
539 3449 595 3483 non
606 3436 696 3483 essent
706 3434 767 3485 edd.
954 3434 972 3463 ¹³
988 3437 1052 3497 quis
1063 3437 1122 3487 edd.

123 3520 139 3541 ⁶·
158 3522 266 3579 tempus
276 3518 319 3564 est
332 3518 364 3563 ut
379 3517 501 3563 reuertar
515 3512 549 3561 sd
564 3528 626 3563 eum
638 3514 687 3575 qui
698 3528 742 3561 mo
753 3514 825 3577 feeit,
839 3515 886 3575 qui
899 3528 941 3562 me
953 3516 1062 3576 creauit,
1076 3518 1123 3577 qui

123 3609 210 3643 nieex
220 3594 282 3643 edd.
387 3592 408 3619 ¹³
424 3607 477 3654 que
488 3608 533 3641 orn.
546 3592 607 3641 edd.
712 3592 732 3621 ¹⁸
748 3596 855 3655 tempus
866 3592 1038 3642 resolutionis
1050 3608 1124 3643 mene

122 3676 215 3733 instet,
229 3675 294 3735 quis
305 3672 384 3735 cupio
394 3670 506 3720 dissolui
520 3673 548 3720 et
559 3686 616 3719 esse
627 3684 689 3719 eum
700 3670 808 3720 Christo
818 3670 879 3720 edd.
1000 3668 1018 3699 ¹⁷
1035 3673 1124 3721 mults

120 3752 176 3801 ntis
185 3751 248 3801 edd.
331 3750 349 3779 ¹⁸
366 3749 497 3799 utilitatis
508 3786 514 3799 .
528 3784 535 3798 .
549 3786 555 3799 .
567 3752 685 3798 nostrum
697 3765 743 3800 om.
755 3749 816 3798 edd.
901 3747 919 3779 ¹⁹
936 3750 1065 3801 ultimum
1077 3766 1121 3801 orn.

119 3830 180 3879 edd
258 3831 278 3858 ²·
294 3830 423 3878 nornine.
437 3866 443 3877 .
455 3866 462 3879 .
476 3828 565 3877 sdhuo
576 3843 620 3877 orn.
633 3828 693 3878 edd.
771 3826 790 3855 ¹¹
807 3827 896 3879 udbuo
908 3842 933 3877 u.
947 3844 967 3877 s.
979 3844 1015 3879 m.
1028 3829 1053 3877 d.
1067 3844 1122 3877 non

117 3908 233 3960 estedd.
