2859 4334
289 230 366 295 clxii
512 230 773 298 Introduction:
803 233 987 319 appetatis
1008 232 1060 297 ΙΙ.

288 423 361 463 cum
375 404 451 464 fletu
471 405 613 483 legimus
659 406 699 465 In
713 406 770 466 tali
789 406 891 465 leticia
905 404 1208 483 quinquagesimales
1222 403 1290 464 diss

289 504 446 578 usquead
467 504 552 564 diem
571 504 745 581 praelatum
767 504 962 565 deduximus.
1007 505 1049 565 Et
1072 503 1126 563 ille
1147 502 1288 562 multum

289 601 416 676 gauisus
429 605 477 662 est
485 602 504 678 ¹,
522 607 554 663 et
567 604 634 663 Deo
653 603 768 680 gratiss
781 602 933 663 referebat
942 600 960 677 ²,
978 602 1050 680 quia
1062 602 1107 663 sic
1121 601 1290 661 meruisset

122 706 275 766 nectarco.
290 699 450 761 infirmari.
494 702 554 762 Et¹
579 722 670 778 saepe
693 702 834 763 dicebat:
865 701 1018 779 ‘flagellat
1047 702 1132 761 Deus
1159 720 1289 759 omnem

290 798 393 858 filium
412 820 505 876 quem
524 800 654 877 recipit'
668 802 700 860 et
720 800 930 861 sentenciam*
943 799 1122 861 Ambrosii:
1146 800 1231 859 ‘non
1245 798 1290 858 sic

290 896 363 971 uixi,
380 901 418 957 ut
435 918 488 958 me
500 899 613 975 pudent
628 899 712 958 inter
726 918 783 959 uos
795 898 922 973 uiuere;
943 899 997 959 sed
1012 917 1069 957 nec
1084 898 1164 956 mori
1180 898 1286 973 timeo,

289 995 362 1070 qnia
375 996 494 1056 bonum
508 997 700 1058 Dominum¹
714 997 887 1057 habemus.¹
922 997 962 1056 In
977 996 1045 1055 istis
1058 999 1164 1056 autem
1179 995 1291 1055 diebus

289 1094 350 1153 dua
370 1096 517 1171 opuscula
537 1095 704 1155 memoriae
725 1095 827 1171 digna,
845 1097 980 1172 exceptis
1000 1093 1195 1167 lectionibus,
1213 1113 1291 1169 quas

289 1191 435 1251 cottidie⁶
457 1193 633 1269 accepimus
653 1194 693 1253 ab
718 1213 761 1268 ee,
788 1195 820 1253 et
843 1197 937 1253 cantu
961 1193 1162 1269 psalmorum,
1189 1191 1291 1249 facere

289 1290 429 1363 studuit;
450 1291 483 1350 id
503 1294 550 1351 est
569 1312 588 1351 a
606 1291 705 1369 capite
726 1292 825 1351 sancti
844 1291 1000 1368 euangelii
1018 1290 1171 1350 Iohannis
1189 1308 1291 1366 usque

173 1394 221 1437 ,vs
290 1389 328 1447 ad
342 1408 416 1448 eum
434 1390 538 1450 locum
557 1390 591 1449 in
608 1409 670 1465 quo
684 1389 807 1463 dicitur,
828 1390 899 1449 ‘sed
918 1390 993 1449 haee
1013 1388 1088 1465 quid
1102 1389 1186 1448 sunt
1206 1388 1292 1445 inter

290 1489 435 1547 tantosl’
456 1487 509 1546 ίιι7
522 1492 661 1547 nostram
675 1488 817 1565 linguam
831 1488 869 1547 ad
886 1488 1056 1547 utilitatem
1071 1486 1216 1546 ecclesias
1230 1486 1292 1545 Dei

289 1586 451 1659 conuertit,
468 1587 500 1646 et
514 1587 553 1645 de
566 1585 675 1646 libris⁸
690 1587 803 1646 Isidori
822 1586 958 1663 episcopi
971 1585 1184 1663 excerptiones
1197 1604 1291 1660 quas·

289 1685 375 1757 dem,
388 1684 514 1745 dicens:
535 1685 624 1744 ‘nolo
638 1687 674 1744 ut
688 1685 777 1762 pueri
792 1686 855 1744 mei
869 1685 1065 1745 mendacium
1080 1685 1194 1761 legant,
1209 1682 1291 1742 etin

290 1784 348 1842 hoo
374 1785 444 1860 post
471 1802 579 1843 meum
607 1782 748 1843 obitum⁹
777 1784 844 1843 sine
871 1784 975 1844 fructu
1003 1782 1166 1843 laborent!
1209 1782 1292 1842 (tum

289 1881 427 1942 uenisset
453 1884 560 1941 sutem
586 1883 680 1943 tertia
707 1882 784 1953 feria
814 1886 888 1943 ante
918 1883 1131 1943 ascensionem
1159 1879 1293 1941 Domini

289 1980 389 2058 coepit
417 1981 634 2041 uehementius
660 1986 799 2057 egrotare
809 1980 828 2013 ¹¹
849 1982 884 2041 in
912 1981 1062 2057 anhelitu,
1090 1982 1122 2039 et
1149 1979 1295 2039 modicus

290 2084 396 2139 tumor
413 2081 447 2139 in
461 2080 526 2139 suis
534 2077 554 2109 ¹¹
568 2079 700 2157 pedibus
719 2079 870 2158 apparuit.
915 2081 1031 2140 Totum
1044 2080 1151 2139 tamen
1161 2076 1181 2109 ¹¹
1196 2078 1293 2137 illum

290 2178 373 2237 diem
388 2178 523 2249 docebat,
540 2182 571 2238 et
588 2179 730 2240 hilariter
743 2180 884 2255 dictabat,
902 2181 934 2239 et
952 2198 1190 2255 nonnumquam
1209 2177 1294 2237 inter

290 2276 352 2337 alia
361 2276 459 2337 dixit:
482 2278 606 2338 ‘discite
618 2299 690 2338 cum
700 2278 923 2352 festinatione;
942 2279 1014 2354 quia
1028 2280 1130 2337 nescio
1141 2277 1293 2354 quamdiu

291 2376 468 2450 subsistam,
491 2376 571 2437 etsi
596 2380 666 2454 post
686 2377 846 2437 modicum
867 2376 958 2437 tollat
977 2396 1029 2436 me
1050 2376 1158 2435 Factor
1180 2376 1295 2435 meus’

292 2474 390 2533 Nobis
411 2474 548 2534 tumen¹¹
565 2475 731 2535 uidebatur
758 2495 798 2534 ne
826 2475 906 2534 forte
930 2476 1050 2535 exitum
1070 2473 1193 2534 suum¹³
1212 2473 1295 2532 bene

291 2572 401 2645 sciret;
423 2576 455 2632 et
473 2574 517 2633 sic
537 2576 660 2634 noctem
675 2574 709 2632 in
726 2574 895 2651 gratiarum
909 2574 1029 2634 actione
1043 2571 1174 2651 peruigil
1189 2572 1292 2631 duxit.

293 2671 335 2730 ut
353 2690 446 2731 mnne
463 2671 682 2745 inlucescente,
705 2672 738 2732 id
757 2674 804 2732 est
823 2676 932 2750 quarte
950 2672 1033 2747 feria,
1051 2672 1207 2749 praecepit
1226 2670 1296 2729 dili·

292 2772 401 2844 genter
414 2770 506 2830 scribi
520 2789 599 2848 quae
613 2790 810 2847 coeperamus
822 2793 829 2845 ;
851 2773 883 2831 et
896 2770 955 2830 hoc
970 2772 1101 2830 fecimus
1110 2768 1130 2801 ¹⁴
1142 2788 1241 2846 usque
1256 2768 1297 2828 sd

292 2868 420 2927 terciam
435 2869 552 2929 horam.
597 2869 628 2928 A
641 2869 737 2927 tercie
755 2868 956 2929 autemhora
974 2868 1208 2928 embulauimus
1221 2886 1296 2927 rum
1420 2884 1421 2897 ¹

292 2966 434 3043 reliquiis
458 2970 646 3041 sanctorum,
670 2969 706 3026 ut
728 2968 919 3028 consuetudo
943 2967 1029 3027 illius
1053 2966 1115 3027 diei
1138 2964 1295 3043 poscebat

293 3066 335 3124 Et
348 3085 431 3125 unus
442 3068 460 3096 ¹⁵
474 3068 541 3125 erat
557 3084 594 3124 ex
608 3066 699 3125 nobis
719 3085 790 3125 cum
804 3066 868 3139 illo,
887 3066 941 3144 qui
956 3066 1035 3126 dixit
1054 3065 1121 3125 illi:
1147 3064 1267 3124 ‘adhuc
1277 3064 1299 3096 ¹⁸

293 3164 461 3239 capitulum
472 3184 572 3224 unum
583 3164 621 3223 de
635 3164 724 3239 libro,
739 3185 832 3241 quem
842 3164 965 3225 dictasti
974 3165 1003 3241 ¹⁷,
1018 3164 1114 3239 deest,
1128 3168 1161 3224 et
1171 3164 1299 3224 uidetur
1419 3234 1420 3267 ᾖ

1419 3294 1420 3317 l

328 3335 556 3397 Quaesumus.
646 3338 1005 3399 ²n00quegmgebaceue.
1098 3338 1300 3385 ³r0rerebacet
1419 3322 1420 3329 ’

294 3416 357 3463 edd.
478 3413 487 3442 ¹
504 3419 533 3464 et
543 3416 630 3465 multa
642 3417 697 3464 alia
708 3416 741 3465 da
754 3420 845 3465 sancta
857 3418 998 3479 scripture,
1013 3416 1180 3464 sententiam
1191 3430 1302 3478 quoque

294 3493 454 3543 sanctisdd.
530 3494 644 3543 ¹Deum
656 3494 749 3543 edd·
792 3493 1056 3544 ¹cottidioom.odd.
1132 3486 1300 3555 'studebat

294 3561 466 3633 euangelium
478 3572 580 3621 scilicet
592 3575 678 3621 sancti
690 3572 749 3623 Ioh.
763 3574 792 3621 in
804 3572 864 3622 edd.
991 3571 1000 3597 ¹
1016 3573 1095 3620 libris
1106 3576 1228 3620 rotumm
1243 3572 1303 3637 [lupe

295 3650 432 3713 notarum]
445 3649 507 3699 edd.
591 3650 658 3699 'ob
671 3650 836 3699 meumedd.
921 3650 939 3678 ¹⁰
956 3652 990 3699 ·ri
1003 3650 1064 3699 edd.
1149 3649 1167 3677 ¹¹
1184 3650 1303 3699 suisou.
1418 3673 1419 3717 3

295 3727 356 3775 edd.
424 3727 440 3755 ¹¹
456 3730 546 3776 autem
558 3728 620 3777 edd.
690 3728 709 3757 ¹⁸
726 3727 1083 3791 uidquodsuumenedd.
1159 3728 1177 3757 ¹¹
1196 3728 1306 3777 lactum
1418 3756 1419 3803 ἱ

294 3805 357 3854 edd.
456 3805 475 3835 ¹⁸
491 3807 710 3856 unusucroedd.
814 3806 832 3835 ¹⁸
848 3809 976 3872 magister
988 3808 1225 3857 dilectissimum
1238 3808 1308 3859 odd.
1418 3806 1419 3860 l

296 3881 313 3911 ¹³
332 3884 364 3931 de
377 3884 464 3932 libro.
480 3920 486 3933 .
499 3920 506 3933 .
519 3884 628 3933 dictasti
640 3901 686 3934 om.
698 3885 759 3935 edd.
