2859 4334
285 229 306 288 8
372 226 529 292 Historia
552 225 783 292 Ecclesiastico
807 223 922 291 oecis
943 223 1149 309 raptorem.

284 403 528 477 accommodam,
542 400 657 478 partim
671 421 746 460 uero
759 421 803 475 ea,
815 419 894 477 quae
908 398 1081 460 certissima
1093 396 1238 457 fidelium

285 501 425 560 uirorum
449 500 654 560 adtestatione
678 519 735 576 per
757 519 809 558 me
837 499 904 575 ipse
931 516 1115 576 cognoscere
1138 495 1234 572 potui,

285 598 428 659 sollerter
460 599 581 659 adicere
616 598 733 660 curaui.
797 599 1023 674 Lectoremque
1055 595 1239 672 suppliciter

286 697 480 772 obsecrent,
497 697 633 774 siquain
654 696 712 772 his,
731 716 808 774 quae
827 696 1016 773 scripsimus,
1032 695 1124 754 aliter
1143 713 1238 769 quum

286 816 319 854 se
344 795 460 855 ueritus
483 796 584 870 habet,
612 794 714 872 posita
737 794 906 872 reppererit
914 793 933 869 ¹,
964 813 1029 854 non
1057 795 1118 852 hoc
1147 791 1241 851 nobis

285 893 428 970 imputet,
453 894 515 970 qui,
539 893 623 970 quod
643 913 716 953 uera
737 894 788 953 lex
807 892 955 952 historiae
975 895 1031 966 est,
1055 890 1242 968 simpliciter

286 1011 329 1067 ea,
350 1011 429 1069 quae
450 992 533 1052 fama
553 991 702 1069 uulgsnle
723 991 914 1069 collegimus,
938 993 977 1050 ad
998 989 1240 1049 instructionem

285 1090 476 1167 posteritatis
489 1090 603 1150 litteris
616 1090 765 1150 mandare
778 1090 958 1150 studuimus
965 1088 986 1149 ².

114 1195 179 1238 Beue
190 1195 247 1238 usus
327 1189 493 1248 Praeterea
514 1208 632 1264 omnes,
649 1189 688 1249 ad
704 1208 783 1265 quos
802 1189 880 1248 haec
900 1187 1010 1248 eadem
1029 1186 1161 1246 historia
1176 1206 1242 1263 per·

114 1253 253 1366 {ffiiffl
288 1287 397 1346 uenim
405 1287 542 1363 potuerit
552 1291 677 1347 nostrae
687 1287 833 1361 nationis,
846 1285 1238 1363 legentsssiueaudientes,

114 1372 154 1416 ¹¹5⁵
163 1372 268 1418 readers
287 1385 469 1462 suppliciter
482 1405 596 1462 precor,
613 1389 650 1446 ut
663 1405 720 1463 pro
732 1385 813 1446 meis
826 1385 1064 1445 infirmitatibus
1077 1387 1109 1443 et
1122 1383 1243 1444 mentis

288 1490 319 1543 et
339 1483 475 1560 corporis
495 1484 577 1560 apud
598 1503 767 1561 supernum
788 1483 989 1544 clementiam
1010 1483 1133 1559 saepius
1148 1482 1243 1542 inter·

289 1583 397 1642 uenire
414 1583 638 1656 meminerint3
660 1583 740 1642 etin
759 1583 825 1642 suis
838 1583 954 1659 quique
971 1582 1143 1658 prouinciis
1160 1581 1243 1641 hanc

286 1681 367 1740 mihi
387 1701 460 1741 suae
481 1681 740 1741 remunerationis
753 1682 855 1740 uicem
876 1681 1056 1758 rependant,
1073 1683 1117 1754 ut,
1134 1680 1244 1757 quide

288 1779 421 1856 singulis
428 1779 599 1856 prouinciis
609 1779 676 1839 siue
687 1779 763 1839 locis
776 1779 1019 1854 sublimioribus,
1034 1800 1112 1856 quae
1125 1798 1243 1838 memo

287 1881 357 1937 ratu
379 1878 474 1954 digna
494 1881 588 1954 atque
608 1878 721 1938 incolis
742 1881 830 1955 grata
851 1879 1050 1951 credideram,
1074 1878 1245 1954 diligenter

287 1977 435 2036 adnotare
455 1976 569 2052 curaui,
595 1976 676 2052 apud
701 1996 811 2036 omnes
838 1977 975 2036 fructum
1002 1976 1071 2053 piae
1097 1977 1242 2038 intereos

287 2075 383 2134 sionis
397 2075 565 2158 inueniam.

322 2205 329 2232 ¹
348 2206 425 2253 ·rirct
437 2205 466 2254 O.

321 2283 330 2309 ²
348 2287 391 2331 lte
399 2285 490 2342 presacc
501 2287 557 2331 outa
573 2287 624 2331 herc
633 2285 660 2330 in
669 2285 828 2344 thesollowiny
837 2284 919 2346 MSS,
933 2289 1008 2332 which
1021 2285 1110 2347 (cutm
1120 2287 1245 2332 mucram

287 2367 312 2408 ot
331 2366 367 2409 tlte
390 2365 442 2424 end,
461 2376 489 2408 uc
506 2365 527 2408 is
544 2366 580 2409 tlte
599 2376 649 2411 ruse
666 2365 723 2409 witlc
740 2363 768 2410 0.
785 2362 826 2423 0,.
844 2362 897 2424 a.)
916 2367 973 2411 hacc
991 2365 1156 2422 thesolbwr'uc
1167 2377 1243 2420 pom·

287 2443 376 2498 propt:
397 2442 550 2500 ‘praeterea
563 2476 568 2488 .
583 2476 589 2488 .
603 2477 608 2487 .
622 2475 629 2488 .
642 2440 799 2488 inueniam'
814 2446 840 2488 at
856 2445 891 2488 the
907 2445 953 2488 end
968 2443 996 2499 os
1007 2445 1043 2489 tte
1058 2445 1138 2488 work:
1154 2440 1185 2488 C.
1197 2441 1245 2489 W.

289 2516 319 2564 Ι).
335 2515 384 2576 01¹.
401 2517 442 2579 02.
459 2517 498 2575 0,.
516 2516 547 2576 0,
568 2517 647 2576 0,-„.
660 2516 710 2577 On.
728 2517 771 2576 H,
789 2517 830 2578 R,
847 2518 903 2582 [Ap
921 2517 992 2581 Bu,.]
1010 2518 1072 2581 Bu,
1090 2518 1119 2566 P.
1137 2517 1243 2582 [OQ-⁴·

289 2594 388 2658 Ca,.,.]
425 2599 468 2642 Tire
476 2599 613 2654 pcruyraplc
627 2611 704 2643 occurs
714 2600 766 2644 herc
778 2600 804 2643 in
819 2599 978 2656 thesotlowtnq
989 2600 1059 2645 MSS.
1073 2614 1079 2645 ε
1096 2596 1132 2646 ll.
1146 2597 1181 2653 N.
1194 2597 1244 2658 11,

291 2673 660 2737 [H,.]A,A,.R,.0,.[ca,1,.
696 2677 741 2724 The
750 2677 870 2734 followinp
880 2679 950 2724 MSS⁴
962 2691 1001 2724 ore
1016 2679 1139 2724 merresa
1154 2679 1206 2724 totls
1216 2685 1245 2722 cr

290 2757 325 2800 tte
337 2756 460 2810 toulant-uc
471 2756 520 2798 ancl
534 2756 597 2800 end:
614 2752 644 2799 Β.
657 2752 697 2810 0³.
