2859 4334
141 257 202 304 cn.
215 250 308 315 xxa]
443 241 558 308 (lautia
581 240 785 327 duplorum.
1048 247 1089 308 45

140 414 196 492 qui
216 416 256 476 ad
280 416 454 477 confinium
477 437 575 494 usque
597 417 761 502 Humbrae
783 416 926 479 fluminis
948 419 1088 494 maximi,

139 533 203 590 quo
231 515 396 576 meridiani
425 519 455 576 et
485 516 742 593 septentrionales
768 518 946 595 Anglorum
982 519 1090 597 populi

138 613 340 689 dirimuntur,
367 615 447 674 fines
468 615 592 692 imperii
616 616 798 677 tetenderat.
840 617 899 677 Est
920 620 1026 678 autem
1051 618 1090 677 ad

137 713 322 774 orientalem
334 713 460 774 Cantiae
474 714 598 791 plagam
608 715 745 774 Tanatos
758 715 862 775 insula
876 737 941 776 non
956 717 1087 792 modica,

136 811 170 870 id
185 815 234 871 est
248 811 476 889 magnitudinis
490 812 577 872 iuxta
590 815 849 874 consuetudinem
863 815 1090 876 aestimationis

137 911 327 988 Anglorum‚
344 910 536 972 familiarum
550 912 666 986 Dorum,
681 932 776 989 quam
789 933 808 973 a
821 913 996 974 continenti
1009 919 1091 974 terra

136 1011 272 1070 secernit
286 1011 403 1070 fluuius
417 1011 597 1072 Uantsumu
607 1009 624 1086 ¹,
643 1011 697 1088 qui
711 1015 760 1071 est
778 1011 956 1073 latitudinis
969 1013 1092 1074 circiter

136 1108 235 1168 trium
254 1111 433 1184 stadiorum,
451 1113 483 1171 et
500 1110 621 1171 duobus
640 1112 766 1170 tantum
783 1110 819 1170 in
838 1110 913 1172 locis
930 1116 978 1172 est
993 1116 1089 1174 trans·

136 1207 301 1281 meabilis;
330 1212 499 1285 utrumque
523 1209 608 1269 enim
634 1213 726 1286 caput
749 1210 909 1286 protendit
932 1211 967 1269 in
994 1231 1088 1271 mare.

136 1305 178 1366 In
200 1307 259 1366 hac
280 1327 351 1384 ergo
376 1308 526 1385 adplicuit
548 1327 657 1368 seruus
677 1308 808 1368 Domini
827 1310 1033 1385 Augustinus,
1058 1313 1090 1370 et

135 1405 212 1464 socii
240 1404 315 1480 eius,
345 1407 415 1478 uiri,
447 1411 484 1468 ut
510 1407 624 1480 ferunt,
654 1407 753 1466 ferme
781 1407 849 1468 XL.
891 1408 1090 1484 Acceperunt
1106 1425 1241 1480 aoeoption

135 1507 254 1578 autem,
268 1505 474 1582 praecipiente
481 1506 571 1566 beato
582 1525 661 1582 papa
672 1506 829 1583 Gregorio,
843 1505 986 1582 degente
997 1507 1089 1566 Fran·
1105 1485 1231 1588 ssffl‘l

134 1622 246 1662 corum
260 1603 445 1681 interpretes
458 1627 465 1678 ;
487 1607 519 1664 et
533 1604 663 1664 mittem
677 1604 716 1663 ad
731 1603 988 1664 Aedilberctum²
1001 1625 1087 1665 man·
1105 1603 1181 1648 Μ

38 1723 45 1745 ³
64 1732 73 1752 ι
134 1701 226 1761 dauit
237 1721 271 1762 se
289 1699 293 1780 Ι
312 1703 435 1762 uenisse
446 1704 485 1762 de
495 1703 603 1777 Roma,
620 1721 655 1762 ac
667 1702 816 1762 nuntium
826 1703 908 1763 serre
921 1703 1086 1781 optimum,

133 1801 192 1876 qui
213 1799 274 1860 sibi
295 1801 583 1878 obtemperantibus
601 1805 728 1861 aeterna
745 1801 780 1861 in
799 1801 893 1861 caelis
913 1802 1032 1879 gaudia,
1056 1806 1088 1863 et

134 1918 271 1975 regnum
291 1899 359 1960 sine
379 1901 443 1960 fine
461 1920 534 1960 oum
548 1901 615 1960 Deo
633 1900 708 1959 uiuo
723 1903 756 1959 et
769 1919 843 1960 uero
860 1900 1004 1960 futurum
1019 1901 1089 1961 sine

134 1997 204 2056 ulla
217 1998 375 2059 dubietate
387 1999 593 2076 promitteret.
637 1998 705 2074 Qui,
719 1998 794 2058 haec
806 1999 944 2074 audiens,
960 2019 1087 2060 manere

132 2095 209 2156 illos
236 2095 272 2156 in
296 2117 340 2170 ea,
366 2117 461 2174 quam
479 2097 629 2172 adierant,
654 2097 767 2168 insula,
786 2099 819 2156 et
842 2097 889 2157 eis
915 2099 1086 2159 necessaria

133 2194 322 2270 ministrari,
354 2197 452 2256 donec
479 2197 627 2272 uideret³‚
658 2195 734 2273 quid
759 2196 806 2256 eis
831 2196 955 2270 faceret,
986 2196 1084 2258 iussit.

135 2293 220 2352 Nam
250 2297 281 2353 et
307 2297 398 2356 antea
424 2295 509 2355 fama
535 2296 574 2356 ad
604 2315 677 2355 eum
705 2294 900 2356 Christianae
927 2295 1088 2372 religionis

134 2395 330 2468 peruenerat,
347 2397 455 2469 utpote
470 2395 524 2471 qui
538 2399 570 2454 et
583 2413 713 2454 uxorem
732 2392 866 2453 habebat
878 2393 1088 2455 Christianam

134 2491 174 2549 de
188 2493 284 2567 gente
299 2490 487 2552 Francorum
502 2492 593 2570 regia,
611 2491 761 2552 uocabulo
774 2492 924 2567 Berota⁴;
945 2513 1039 2569 quam
1053 2513 1089 2554 ea

134 2588 320 2649 condicione
341 2611 359 2650 a
382 2591 563 2667 parentibus
586 2595 750 2669 acceperat,
774 2594 811 2652 ut
834 2592 932 2652 ritum
956 2591 1030 2652 fidei
1053 2612 1088 2651 ac

134 2687 300 2764 religionis
317 2707 391 2748 suae
407 2709 479 2750 cum
498 2690 650 2767 episcopo,
669 2691 806 2767 quernei
822 2685 997 2750 adiutorem
1014 2690 1088 2750 fidei

133 2786 296 2862 dederant,
315 2787 442 2848 nomine
456 2788 643 2864 Liudhardo,
657 2788 845 2850 inuiolatum
859 2808 983 2848 seruare
995 2789 1087 2848 licen·

132 2886 214 2946 tiam
230 2886 368 2948 haberet.

174 2985 256 3044 Post
269 2985 335 3045 dies
348 3005 420 3063 ergo
434 2985 523 3046 uenit
536 2987 575 3046 ad
588 2986 725 3048 insulam
742 3005 805 3061 rex,
823 2990 854 3046 et
872 2986 1011 3046 residens
1028 2986 1087 3046 sub

130 3083 217 3157 diuo,
245 3082 334 3144 iussit
355 3085 570 3162 Augustinum
590 3105 662 3146 oum
684 3086 775 3146 sociis
796 3085 835 3146 ad
854 3104 947 3144 suum
971 3083 1087 3145 ibidem

129 3181 283 3243 aduenire
303 3181 500 3260 colloquium
545 3184 676 3244 Cauerat
696 3184 810 3259 enim⁵‚
834 3203 875 3243 ne
894 3183 929 3242 in
950 3183 1086 3260 aliquam

131 3283 266 3342 domum
281 3283 319 3342 ad
334 3301 368 3342 se
382 3281 553 3358 introirent,
568 3287 672 3343 uetere
686 3303 763 3344 usus
776 3283 913 3362 augurio,
927 3303 968 3343 ne
980 3303 1086 3361 super·

131 3385 233 3442 uentu
265 3400 331 3454 suo,
362 3378 466 3458 siquid
494 3381 645 3442 malificae
675 3382 752 3442 artis
785 3381 975 3455 habuissent,
1013 3401 1086 3442 eum

130 3479 309 3558 superando
340 3479 523 3557 deciperent
576 3481 621 3540 At
648 3480 695 3540 illi
723 3501 787 3541 non
816 3480 1001 3556 daemonica,
1032 3481 1087 3540 sed

130 3577 243 3638 diuina
264 3577 381 3638 uirtute
398 3577 537 3654 praediti,
560 3577 729 3639 ueniebant
749 3598 871 3639 crucem
893 3599 950 3656 pro
970 3579 1086 3639 uexillo

164 3743 172 3772 ¹
191 3745 231 3792 ata
242 3743 278 3792 ll.
291 3743 322 3793 N.
337 3743 368 3791 Β1
382 3759 390 3804 ;=
406 3747 568 3794 uuantsemu
580 3743 629 3806 B²;
646 3748 810 3794 uuantsamu
821 3745 851 3795 0.
916 3744 927 3773 ¹
943 3746 1086 3796 ·berictum

131 3823 155 3872 ll
167 3841 174 3882 ;
191 3822 385 3872 aedilberctum
396 3823 428 3872 ΒΙ
436 3823 471 3884 (t)
483 3839 490 3883 ;
506 3824 719 3873 aedilberchtum
731 3824 759 3874 O.
771 3840 791 3874 v.
804 3839 826 3876 a.
903 3822 913 3853 ⁸
928 3826 1030 3876 uiderit
1040 3824 1086 3874 11¹.

131 3905 138 3929 ¹
157 3902 271 3952 berchta
283 3901 312 3950 C.
395 3899 406 3930 ⁸
421 3905 513 3950 autem
525 3901 553 3952 0.
