2859 4334
346 194 411 259 296
615 195 774 262 Histom'a
794 195 1025 262 Ecclesiaatiaeo
1178 208 1268 273 [inv.

346 369 545 445 consecrauit,
570 370 674 430 uirum
695 370 815 445 Latina,
839 370 944 445 Crem,
964 375 996 430 et
1016 370 1163 431 Saxonioa
1181 371 1270 447 lingua

346 471 439 546 atque
453 469 628 530 eruditione
643 468 859 556 multiplieiter
871 469 1069 531 instructum.

732 670 825 732 CAP.
848 670 906 743 IX.

350 821 378 867 Ut
388 818 510 878 Ecqbarct'
526 824 567 867 uir
579 825 675 867 mortua
685 822 719 867 od
731 823 918 877 praedicandum
932 823 961 867 in
972 824 1125 869 Gmnaninm
1139 821 1272 869 mmm

345 900 396 957 erit,
408 912 448 945 neo
462 900 581 957 noluerim
594 914 662 956 porro
681 898 805 947 Uictbmt¹
816 901 938 946 arumna
952 903 1053 956 quidem.
1067 904 1107 947 aad
1120 904 1174 958 qrtto
1187 914 1222 945 ner
1235 901 1272 954 ips

397 979 489 1035 aliquid
496 979 634 1035 profecisset,
646 992 689 1024 rur
689 982 764 1025 eamr·
764 980 943 1037 numam,
952 981 1016 1025 ande
1027 984 1130 1031 nemrot
1142 981 1232 1025 redte-tt.

174 1137 269 1192 13ngst
391 1104 458 1167 Eo*
472 1110 612 1184 tempore
625 1105 812 1167 uenerabilis
826 1109 858 1165 et
872 1127 944 1166 cum
958 1126 1045 1166 emm
1036 1106 1274 1166 honorilioentia

175 1196 314 1311 (1ᾞίἙῷ
348 1207 559 1267 nominandus
582 1204 720 1265 famulus
743 1205 860 1266 Christi
888 1208 920 1265 et
947 1206 1089 1266 sacerdos
1116 1203 1273 1284 Eegberctl

176 1317 212 1361 (ae
199 1328 307 1369 e.rmanr
348 1326 441 1383 quem
456 1307 489 1365 iu
505 1304 660 1364 Hibernia
672 1304 777 1364 insula
790 1307 986 1381 peregrinam
1000 1305 1113 1365 ducere
1126 1306 1219 1365 uitam
1231 1323 1276 1381 pm

347 1402 567 1481 adipiscenda'
559 1422 592 1462 m
609 1402 701 1463 caelis
714 1401 814 1479 patria
827 1403 1003 1473 retulimus,
1017 1404 1177 1481 proposuit
1188 1402 1278 1463 animo

347 1503 491 1581 pluribus
501 1501 661 1578 prodesse;
682 1501 713 1561 id
726 1504 774 1560 est
784 1500 862 1560 inito
873 1522 964 1578 opere
974 1501 1152 1579 apostolico,
1162 1502 1279 1561 uerbum

347 1602 406 1663 Dei
419 1600 575 1677 aliquibus
589 1619 703 1673 earum,
719 1620 798 1676 quae
812 1600 953 1660 nondum
965 1600 1138 1675 audierant,
1152 1600 1281 1678 gentibus

348 1698 588 1777 euangelizando
602 1699 817 1773 committere5
839 1719 972 1775 quarum
983 1699 1017 1758 in
1027 1700 1194 1760 Germania
1202 1698 1281 1777 pluri·
1390 1715 1391 1726 ¹

348 1818 416 1857 mas
430 1801 560 1858 nouerat
575 1817 641 1858 ease
656 1798 806 1871 nationes,
820 1816 837 1856 a
852 1797 966 1876 quibus
976 1797 1075 1875 Angli
1089 1798 1140 1858 uel
1151 1798 1279 1869 Saxones,

349 1897 403 1974 qui
411 1917 496 1956 nunc
505 1896 692 1956 Brittaniam
702 1896 852 1971 incolunt,
864 1916 963 1974 genus
973 1899 1003 1956 et
1014 1896 1167 1973 originem
1175 1895 1284 1957 duxisse

349 1998 521 2055 noscuntur
533 2018 540 2069 ;
562 1995 645 2055 unde
656 1995 834 2054 haetenusa
843 1994 947 2055 uioina
956 1999 1050 2073 gente
1068 1993 1073 2075 Ι
1092 1994 1284 2055 Brettonum⁴
1295 2009 1308 2051 t
1318 2018 1365 2057 na

349 2098 491 2171 corrupte
503 2094 652 2153 Carmani
662 2096 893 2170 nuncupantur.
931 2094 1014 2154 Sunt
1022 2096 1128 2153 autem
1138 2094 1280 2164 hhesonea

350 2192 475 2270 Rugini‚
500 2192 607 2257 Danai.
624 2191 747 2266 Hunni,
772 2192 908 2269 Antiqui
930 2193 1074 2267 Saxones,
1093 2193 1283 2262 Bonorum

349 2296 425 2351 suut
443 2290 497 2351 alii
516 2290 677 2368 perplures
692 2289 817 2350 hisdem
836 2291 870 2349 in
890 2291 1031 2367 partibus
1047 2292 1157 2368 populi
1172 2289 1285 2369 paganis

350 2390 449 2449 adhue
478 2389 591 2450 ritibus
619 2390 800 2464 seruientes,
831 2391 869 2449 ad
898 2410 977 2466 quos
1004 2390 1114 2450 uenire
1146 2389 1286 2467 praefatis

350 2488 467 2549 Christi
478 2488 570 2547 miles
581 2488 844 2565 circumnauigata
855 2487 1010 2549 Brittania
1023 2488 1182 2566 disposuit,
1195 2488 1286 2565 siquos

351 2587 430 2647 forte
451 2608 489 2646 ex
512 2587 576 2645 illis
597 2590 720 2663 ereptos
741 2588 873 2647 Satanae
892 2587 931 2646 ad
951 2587 1112 2647 Christum
1133 2587 1285 2648 transferre

351 2686 485 2761 ualeret;
507 2686 567 2760 uel,
586 2686 612 2745 si
626 2687 685 2745 hoo
699 2686 767 2745 fieri
786 2706 850 2745 non
865 2688 976 2762 posset,
990 2685 1125 2745 Romam
1142 2685 1242 2746 uenire
1252 2683 1284 2743 ad

349 2783 485 2844 uidenda
518 2787 612 2861 atque
639 2785 794 2845 adoranda
826 2784 989 2844 beatorum
1022 2785 1232 2861 apostolorum
1256 2802 1285 2842 ao
1390 2827 1391 2834 ι

350 2886 525 2961 martyrum
541 2884 657 2944 Christi
671 2882 782 2943 limina
796 2883 952 2960 cogitauit

392 2982 453 3042 Sed
468 3002 508 3041 ne
522 2982 637 3059 aliquid
650 2981 764 3041 horum
778 2982 947 3059 perficeret,
961 3001 1097 3058 superna
1111 2982 1166 3042 illa
1179 2978 1285 3043 oracula

178 3072 249 3128 ven··
351 3078 446 3139 simul
475 3082 506 3139 et
534 3100 626 3159 opera
653 3080 844 3141 restiterunt
888 3080 1051 3157 Siquidem
1079 3081 1185 3141 electis
1209 3078 1286 3140 sotiis

351 3178 576 3239 strenuissimis
603 3182 635 3239 et
667 3180 705 3239 ad
739 3179 981 3256 praedicandum
1012 3179 1144 3239 uerbum
1172 3176 1284 3247 idoneis,
1390 3201 1391 3242 3

352 3280 460 3355 utpote
471 3277 592 3338 actione
603 3277 697 3338 simul
706 3280 738 3337 et
749 3278 923 3337 eruditione
933 3277 1104 3353 praeclaris,
1116 3276 1288 3355 praeparatis
1390 3345 1391 3362 χ

351 3376 506 3451 omnibus,
521 3397 599 3453 quae
613 3376 834 3453 nauigantibus
844 3396 911 3435 esse
925 3377 1095 3436 necessaria
1106 3377 1285 3447 uidebantur,

356 3475 441 3535 uenit
455 3476 506 3535 die
525 3477 659 3553 quadam
678 3496 772 3535 mane
786 3475 887 3552 primo
905 3475 945 3534 ad
964 3495 1037 3534 eum
1057 3496 1140 3536 unus
1153 3477 1191 3536 de
1203 3473 1288 3534 fratri·

353 3574 419 3649 bus,
437 3574 608 3652 discipulus
627 3575 785 3651 quondam
805 3575 840 3634 in
858 3574 1016 3635 Brittania
1034 3577 1065 3634 et
1081 3574 1220 3635 minister
1232 3572 1288 3631 Deo

386 3704 394 3732 ¹
411 3706 516 3753 -bereht
528 3706 554 3754 C.
622 3704 632 3732 ²
648 3706 683 3753 W
696 3710 786 3753 maan
795 3709 929 3753 admira
939 3709 1064 3765 manino
1074 3712 1095 3753 to
1112 3710 1160 3753 taio
1174 3705 1288 3762 otwin

353 3800 369 3833 a
381 3787 465 3843 twelflt
475 3790 570 3841 remum
581 3788 656 3845 hand,
667 3790 716 3832 and
726 3787 773 3832 taio
782 3788 849 3832 elom
861 3788 883 3831 ta
893 3788 930 3832 the
944 3785 1138 3844 readteaqqsOw
1186 3780 1288 3829 ’herht
1390 3795 1391 3814 ³

354 3865 381 3914 C.
450 3864 459 3893 ⁴
476 3866 634 3914 brectonum
646 3867 679 3915 N.
