2859 4334
150 257 210 306 cao.
224 251 294 318 xxa]
449 239 566 308 (lentie
587 239 793 326 Anplorwm.
1036 241 1099 304 107

150 414 312 476 oraculum
332 413 470 491 coeleste,
494 415 577 492 qnod
600 413 649 474 illi
672 414 831 492 quondam
853 413 993 474 exulanti
1016 414 1098 490 apud
1115 430 1247 486 ossum,

151 511 367 574 Rednaldum¹
389 534 494 592 regem
514 513 691 591 Anglorum
715 513 814 590 pietas
835 512 943 574 diuina
963 489 1259 600 reuelareffffiffl

150 612 279 690 dignata
300 615 356 690 est,
382 633 445 674 non
468 612 639 673 minimum
662 611 701 672 ad
723 611 918 688 suscipienda
938 610 990 671 nel
1011 611 1101 671 intel·
1116 610 1216 725 mm

150 710 283 789 legenda
296 711 454 773 doctrinae
468 710 588 771 monita
607 710 751 771 salutaris
765 730 893 770 sensnm
907 709 988 770 iuuit
1001 710 1096 772 illius

150 810 232 872 num
255 830 327 887 ergo
344 811 464 871 uideret
483 809 636 870 Paulinus
658 809 823 870 difficulter
843 829 933 886 posse
958 809 1099 869 sublimi-

150 911 248 968 tatem
269 909 369 968 animi
388 909 500 986 regalis
522 909 561 968 ad
582 907 795 968 humilitatem
812 907 881 968 uiae
900 907 1051 983 salutaris,
1069 909 1100 969 et

62 1015 132 1072 ῑῃι
149 1006 382 1084 suscipiendum
396 1007 583 1085 mysterium
597 1007 741 1068 uiuificae
754 1007 852 1066 crucis
869 1006 1020 1082 inclinari,
1042 1004 1046 1084 l
1065 1027 1100 1067 ac

150 1125 206 1184 pro
221 1105 323 1166 salute
336 1105 422 1166 illins
441 1105 582 1166 simulet
600 1105 711 1183 gentis,
728 1105 778 1165 cni
791 1107 938 1182 praeerat,
956 1109 987 1165 et
1004 1105 1100 1165 uerbo

150 1203 379 1264 exhortationis
388 1205 471 1281 apud
486 1203 639 1278 homines,
653 1207 685 1264 et
698 1204 781 1280 apud
797 1203 937 1264 diuinam
952 1204 1101 1280 pietatem

152 1303 249 1362 uerbo
280 1301 505 1380 deprecationis
538 1304 642 1380 ageret
654 1323 662 1378 ;
693 1303 832 1377 tandem,
863 1305 899 1362 ut
930 1302 1102 1362 uerisimile

151 1401 286 1476 uidetur,
317 1401 425 1461 didicit
451 1400 486 1460 in
514 1401 635 1478 spiritu,
669 1400 773 1478 qnod¹
808 1401 859 1461 nel
895 1401 986 1478 quale
1019 1404 1101 1462 esset

150 1500 314 1560 oraculum
352 1499 418 1579 regi
453 1501 611 1577 quondam
645 1499 776 1560 caelitus
809 1502 979 1561 ostensum.
1037 1499 1101 1560 Nec

150 1599 265 1660 exinde
289 1599 422 1674 distulit,
447 1600 524 1676 quin
543 1598 691 1658 continuo
712 1617 817 1675 regem
839 1601 1032 1659 ammoneret
1054 1619 1102 1658 ex·

152 1698 239 1775 plere
252 1701 372 1773 uotum,
389 1699 472 1775 quod
486 1698 520 1757 in
535 1697 658 1758 oraculo
669 1696 730 1756 sibi
743 1696 883 1757 exhibito
897 1717 931 1757 se
945 1698 1101 1758 iacturum

150 1797 341 1874 promiserat,
359 1795 546 1874 sitemporis
560 1795 645 1855 illins
659 1795 800 1856 erumnis
808 1798 951 1856 exemtus
964 1796 1003 1856 ad
1013 1797 1102 1874 regni

150 1895 275 1973 fastigia
288 1895 473 1973 perueniret

192 1994 269 2054 Erat
283 1997 388 2054 antem
402 1993 561 2054 oraculum
575 1993 763 2054 huiusmodi.
798 1994 878 2055 Cum
897 1997 1101 2071 persequente

150 2093 246 2154 illum
259 2093 461 2170 Aedilfrido³,
479 2093 532 2170 qni
542 2095 703 2152 enicem
719 2093 870 2170 regnauit,
888 2095 962 2170 per⁴
979 2093 1101 2154 diuersa

150 2191 293 2253 occultus
312 2191 378 2252 loca
398 2191 449 2252 nel
471 2211 565 2270 regna
583 2191 684 2253 multo
703 2212 859 2252 annornm
878 2196 1018 2271 tempore
1036 2213 1102 2270 pro

149 2291 247 2368 fugos
275 2293 446 2367 negaretur,
473 2292 602 2353 tandem
630 2291 719 2352 uenit
745 2293 784 2352 ad
813 2292 1032 2353 Redualdnm⁶
1053 2293 1102 2353 ob·

149 2407 285 2464 secrans,
313 2391 349 2448 nt
372 2389 471 2450 uitam
498 2410 588 2450 auam
610 2411 629 2450 a
649 2391 732 2450 tanti
755 2392 959 2468 persecutoris
978 2391 1102 2453 insidiis

147 2487 284 2549 tutando
298 2493 455 2563 seruaret;
477 2489 531 2566 qui
545 2488 678 2548 libenter
692 2508 766 2548 enm
776 2489 942 2566 excipiens,
959 2491 1102 2567 promisit

148 2607 193 2662 se,
233 2605 313 2663 quae
347 2587 516 2662 petebatur,
548 2605 614 2646 esse
648 2587 813 2648 iacturum.
857 2590 901 2648 At
936 2593 1102 2666 postquam

146 2685 311 2747 Aedilirid
333 2683 367 2744 in
390 2684 446 2744 hao
470 2703 543 2744 eum
565 2685 726 2762 prouincia
752 2687 935 2764 apparuisse,
961 2690 994 2747 et
1019 2689 1101 2765 apud

148 2803 260 2862 regem
275 2783 362 2843 illius
376 2783 572 2844 familiariter
590 2803 662 2844 cnm
676 2785 766 2844 sociis
784 2784 925 2845 habitare
943 2785 1098 2863 cognonit,

144 2881 240 2942 misit
267 2881 404 2954 nuntios,
429 2881 484 2959 qui
511 2881 671 2943 Rednaldo
692 2882 856 2960 pecuniam
884 2883 1018 2943 multam
1046 2904 1103 2961 pro

145 2999 228 3040 nece
252 2980 320 3040 eins
347 2979 534 3056 offerrent⁸;
565 3001 667 3058 neque
691 2980 809 3058 aliquid
832 2981 971 3059 profecit.
1016 2982 1103 3043 Misit

143 3079 299 3154 secundo,
337 3078 425 3140 misit
458 3080 559 3156 tertio,
596 3084 629 3141 et
663 3080 833 3158 copiosiora
865 3081 987 3160 argenti
1021 3082 1104 3144 dona

143 3175 295 3248 offerens,
326 3175 358 3234 et
393 3173 511 3234 bellum
539 3174 667 3252 insuper
693 3175 748 3250 illi,
780 3175 808 3234 si
839 3178 1099 3252 contemneretur,

141 3273 303 3334 indicens
348 3272 410 3348 Qui
432 3273 482 3334 nel
510 3273 607 3334 minis
627 3274 751 3348 fractus,
776 3274 828 3334 nel
852 3279 1014 3353 corruptus
1038 3296 1103 3336 mn·

141 3372 290 3447 neribus,
317 3372 408 3432 cessit
430 3371 616 3449 deprecanti,
643 3375 675 3432 et
699 3373 767 3433 siue
788 3373 924 3434 occidere
945 3393 979 3434 se
1002 3375 1104 3435 Aedu-

140 3469 272 3545 innm',
307 3491 363 3532 sen
397 3471 552 3548 legatariis
586 3472 707 3532 tradere
733 3471 887 3549 promisit.
932 3472 1021 3548 Quod
1048 3473 1104 3534 ubi

182 3649 388 3718 ¹13dnnaldnm
397 3651 425 3701 G.
547 3649 731 3713 'ntqnodli
851 3651 956 3702 'aedil
969 3654 1005 3715 O,
1018 3659 1104 3704 cudae

137 3733 443 3790 tmmstedropter.
572 3729 660 3780 ⁴cnm
671 3729 766 3794 perii.
893 3730 1102 3795 'manuele-C,
1199 3787 1202 3792 ,

132 3813 203 3940 ΞΕ
203 3811 386 3936 1:⁰1„in
397 3813 432 3857 tte
442 3812 541 3868 nepte.
644 3806 831 3858 'offerentlt
928 3805 1103 3871 'eduin-133
