2859 4334
320 228 384 290 352
582 226 744 295 Historia
765 227 997 295 Ecclesiastico
1161 237 1227 303 [Lu.
1240 239 1272 291 V.

677 454 770 515 CAP.
788 453 907 515 XXIV.

410 641 577 697 ammalario
588 645 694 690 aaronica
703 644 873 699 totiuaoparic,¹
890 644 1174 699 assummum

145 795 253 867 camno
359 792 479 853 Usamr
493 812 537 869 aa,
549 814 627 871 quae
637 796 816 871 temporum
826 794 1027 854 distinctione
1040 792 1137 854 latius
1150 794 1271 871 digesta

144 856 284 973 ffilary,
316 894 399 964 sunt,
417 891 456 952 ob
471 893 655 954 memoriam
670 894 914 955 conseruandam
923 892 1062 953 breuiter
1072 893 1271 969 recapitulari

313 990 439 1066 placuit.

356 1094 452 1153 Anno
466 1093 563 1172 igitur
583 1098 657 1155 ante
675 1092 922 1153 incarnationem
941 1090 1131 1152 dominicam
1145 1112 1271 1170 sexage-
1287 1102 1335 1147 aa

314 1193 395 1253 simo
423 1194 520 1255 Gaius
544 1193 647 1253 Iulius
669 1193 781 1254 Caesar
804 1191 925 1268 primus
946 1191 1162 1250 Romanorum
1187 1190 1271 1251 Brit·

314 1291 436 1353 tanias¹
449 1292 532 1353 bello
546 1290 692 1370 pulsauit,
709 1295 742 1352 et
761 1291 844 1363 uicit,
862 1309 920 1349 nec
941 1293 1048 1349 tamen
1069 1288 1114 1348 ibi
1132 1308 1269 1367 rognum

314 1392 417 1467 potuit
432 1392 579 1452 obtinere.

354 1493 451 1551 Anno
472 1490 511 1550 ab
531 1490 745 1551 incarnatione
765 1489 894 1549 Domini
914 1488 1030 1561 XLVI,
1052 1487 1203 1549 Claudius
1223 1507 1268 1547 se
1284 1498 1333 1551 'aa

313 1590 434 1650 cundus
457 1590 671 1649 Romanorum
692 1590 875 1651 Brittanias.
888 1588 1004 1659 adiens,
1028 1585 1200 1664 plurimam
1222 1586 1267 1645 in·

313 1686 399 1747 sulae
412 1690 532 1764 partem
546 1688 580 1748 in
595 1689 787 1750 deditionem
808 1686 930 1763 recapit,
946 1687 980 1745 et
993 1684 1128 1744 Orcadas
1140 1704 1266 1762 quoque

314 1784 433 1847 insulas
447 1788 588 1847 Romano
605 1788 717 1849 adiecit
730 1786 870 1865 imperio.

352 1886 449 1945 Anno
471 1886 692 1947 incarnationis
719 1886 893 1947 dominicae
921 1881 1081 1957 CLXVII,
1112 1882 1266 1942 Eleuther
1283 1892 1336 1945 ιι

311 1981 444 2042 Romaa'
470 1986 593 2062 praesul
620 1985 721 2045 factus
748 1985 810 2044 XV
838 2002 939 2044 annos
965 1981 1128 2043 ecclesiam
1152 1981 1265 2058 glorio·

309 2081 432 2142 sissima
446 2083 534 2158 rexit,
546 2083 597 2143 cui
611 2083 733 2144 litteras
746 2103 800 2143 rex
811 2081 985 2144 Brittaniae
995 2080 1110 2141 Lucius
1121 2080 1261 2152 mittans,
1416 2058 1418 2140 l

310 2178 346 2236 ut
360 2176 556 2237 Christianus
570 2178 750 2251 efficeretur,
767 2177 857 2254 petiit
871 2180 903 2238 et
916 2174 1093 2253 inpetrauit

350 2276 445 2336 Anno
454 2275 493 2335 ab
500 2276 712 2336 incarnatione
721 2272 1116 2346 DominiCLXXXVIlIL
1125 2272 1264 2333 Senarus
1281 2284 1330 2338 'aa

308 2372 476 2449 imperator
488 2375 588 2435 factus
603 2375 700 2436 XVII
720 2375 813 2435 annis
831 2376 982 2452 regnauit,
999 2372 1055 2450 qui
1069 2372 1262 2432 Brittaniam

307 2471 391 2530 uallo
406 2492 424 2531 a
438 2473 517 2532 mari
533 2474 685 2549 usquead
700 2493 787 2533 mars
800 2472 980 2549 praecinxit.

348 2571 444 2631 Anno
468 2570 692 2647 CCCLXXXI,
720 2571 876 2632 Maximus
896 2570 932 2630 in
957 2570 1114 2630 Brittania
1137 2574 1263 2631 creatus
1280 2579 1332 2637 tc

307 2667 482 2745 imperator,
509 2671 543 2729 iu
567 2670 701 2731 Galliam
725 2670 859 2745 transiit,
879 2669 884 2745 Ι
903 2672 935 2729 et
956 2667 1142 2730 Gratianum
1163 2668 1261 2729 inter-
1280 2678 1352 2724 cuc
1364 2684 1384 2724 h

306 2765 387 2827 lecit

346 2867 442 2925 Anno
464 2866 677 2939 CCCCVIIII,
706 2868 807 2927 Roma
827 2889 847 2928 a
868 2866 982 2927 Gothis
1005 2866 1110 2942 fracta,
1134 2886 1174 2927 cx
1194 2888 1261 2945 quo
1279 2880 1342 2925 an.
1414 2883 1415 2912 i

305 2966 445 3040 tompore
459 2966 593 3025 Romani
606 2966 639 3025 in
655 2965 812 3027 Brittania
825 2986 954 3044 regnare
967 2969 1136 3026 cessarunt

344 3063 440 3122 Anno
454 3063 657 3137 CCCCXXX,
675 3064 836 3124 Palladius
853 3065 892 3123 ad
910 3065 1032 3126 Scottos
1045 3065 1080 3124 in
1095 3064 1261 3126 Christum
1279 3084 1342 3137 aaa
1413 3106 1414 3123 1

303 3160 463 3219 credentes
493 3182 512 3222 a
538 3161 713 3222 Caelestino
744 3182 824 3239 papa
854 3161 998 3239 primus³
1025 3163 1164 3223 mittitur
1194 3165 1259 3242 epi·

303 3277 420 3333 scopus.

341 3357 437 3415 Anno
456 3356 727 3425 CCCOXLVIIIL
742 3357 918 3419 Marcianus
936 3379 1010 3419 cum
1031 3359 1260 3422 Ualentiniano
1278 3369 1342 3424 ’us

301 3453 468 3529 imperium
487 3455 666 3533 suscipiens,
689 3457 756 3516 VII
776 3458 869 3517 annis
889 3458 1000 3532 tenuit
1018 3478 1155 3535 quorum
1175 3462 1257 3520 tem·

300 3570 373 3626 pore
397 3553 495 3629 Angli
517 3574 535 3614 a
555 3554 761 3615 Brettonibus
781 3556 938 3615 accersiti⁴
961 3556 1153 3618 Brittaniam
1174 3559 1257 3619 adio

298 3652 381 3709 runt.

331 3809 338 3836 ¹
356 3814 442 3862 -niam
455 3815 488 3864 N.
621 3815 632 3845 ²
649 3832 776 3867 romanae
787 3818 822 3867 n
836 3818 882 3879 H„
1001 3818 1012 3848 ⁸
1028 3820 1137 3883 primus
1147 3838 1194 3873 on.
1207 3822 1256 3885 111.

297 3887 306 3915 ¹
323 3891 430 3939 arcesiti
443 3892 478 3941 ll.
