2859 4334
417 222 619 310 Ecpbcrtum
640 224 858 311 Episcopum.
1047 223 1114 287 409

162 398 259 460 etiam
287 396 379 460 haec¹
407 399 525 477 optime
550 399 693 461 didicisse
721 398 930 460 certissimum
960 400 1027 473 est3
1058 398 1113 458 sed

162 497 283 573 idiotas,
299 498 358 559 hoc
379 502 435 573 est,
452 518 506 559 eos
525 498 579 577 qui
600 497 744 576 propriae
764 499 890 558 tantum
910 496 1037 574 linguae
1057 516 1115 557 no·

162 597 212 657 tit·
203 616 266 657 ram
285 597 411 672 habent,
431 597 536 658 haec
526 618 594 675 ipsa
612 610 669 658 sua
687 596 796 675 lingua
809 596 933 670 discere,
950 615 985 656 ac
1005 596 1114 657 sedulo

162 696 324 757 decantare
337 696 439 757 facito.
485 697 574 773 Quod
589 716 655 758 non
669 696 775 757 solum
792 695 832 756 de
844 695 939 770 laicis,
957 694 990 756 id
1005 694 1089 770 est,'
1079 715 1115 756 ιιι

162 794 304 873 populari
317 795 419 856 adhuc
433 795 499 856 uita
508 795 695 871 constitutis,
709 794 927 856 uerumetiam
942 794 981 855 de
994 793 1116 855 clericis

162 894 230 954 siue
248 894 418 970 monachis,
436 915 491 973 qm
482 894 637 955 Latinae
651 897 727 954 sunt
740 894 866 972 linguae
879 894 1028 971 expertes,
1046 893 1115 953 fieri

162 996 292 1071 oportet.
335 992 386 1053 Sic
401 994 487 1054 enim
508 993 553 1069 fit,
571 995 607 1053 ut
624 995 729 1053 caetus
745 992 849 1053 omnis
869 992 1020 1067 fidelium,
1038 1012 1114 1069 quo-

162 1092 256 1152 modo
280 1090 401 1151 fidelis²
423 1112 498 1168 esse,
526 1111 587 1170 qua
610 1110 644 1152 se
666 1092 817 1152 firmitate
838 1091 983 1151 credendi
1007 1096 1115 1152 contra

162 1190 401 1251 immundorum
423 1191 593 1268 spirituum
615 1190 786 1251 certamina
808 1189 934 1249 munire
955 1192 1049 1268 atque
1071 1210 1116 1250 ar·

162 1308 248 1349 mare
263 1289 381 1365 debeat,
402 1289 522 1365 discat;
543 1288 590 1363 fit,
607 1292 642 1349 ut
662 1289 775 1350 chorus
792 1288 897 1349 omnis
913 1288 981 1348 Deo
999 1289 1115 1367 suppli·

162 1387 310 1459 mutium,
342 1388 418 1467 quid
450 1388 587 1447 maxime
617 1407 637 1448 a
668 1387 777 1449 diuina
808 1387 974 1448 clementia
1008 1387 1115 1465 quaeri

163 1490 312 1564 oporteat,
329 1489 485 1565 agnoscat
529 1486 663 1563 Propter
677 1486 759 1563 quod
774 1488 807 1545 et
819 1485 886 1563 ipse
901 1486 1012 1546 multis
1025 1505 1115 1563 saepe

163 1585 376 1646 sacerdotibus
396 1585 501 1645 idiotis
521 1584 598 1645 haec
615 1588 757 1663 utraque,
777 1588 810 1646 et
830 1585 1011 1663 symbolum
1033 1585 1133 1661 uide-¹

164 1683 245 1758 licet,
262 1687 294 1744 et
308 1684 498 1744 dominicam
512 1683 685 1745 orationem
703 1683 739 1744 in
760 1683 901 1761 linguam
914 1683 1116 1762 Αιιςιοιιιιιι8

15 1808 47 1865 ...⁰
85 1794 92 1805 ·
125 1828 132 1839 .
164 1782 348 1843 tranantem
368 1782 478 1860 optuli.
524 1782 606 1843 Nam
625 1784 677 1843 et⁴
694 1765 822 1843 sanctus
838 1783 969 1844 antistes
985 1783 1117 1843 Ambro-

15 1868 46 1899 Μ
75 1888 83 1910 ’
164 1880 230 1941 sius
251 1881 309 1941 hoc
330 1882 369 1941 de
389 1880 451 1941 fide
474 1881 607 1958 loquens
627 1881 783 1956 admonet,
807 1883 844 1942 ut
863 1881 959 1942 uerba
978 1881 1116 1959 symboli

164 1980 331 2042 matutinis
352 2000 477 2059 semper
497 1980 584 2041 horis
607 1980 717 2042 fideles
741 1981 856 2059 quique
885 1982 1058 2058 decantent,
1084 1986 1117 2043 et

164 2079 223 2139 hoc
237 2099 270 2139 se
284 2080 373 2157 quasi
386 2080 526 2141 antidoto
544 2079 698 2157 spirituali
715 2083 823 2140 contra
841 2079 957 2141 diaboli
974 2082 1116 2141 uenena⁵

164 2197 244 2256 quae
271 2178 335 2239 illis
362 2177 499 2239 interdiu
524 2178 576 2239 uel
600 2182 695 2239 noctu
720 2175 813 2239 astu‘
834 2178 975 2255 maligno
997 2178 1117 2239 obicere

164 2280 277 2354 posset,
313 2278 540 2355 praemuniant.
598 2278 780 2339 Orationem
818 2296 893 2337 uero
927 2277 1116 2339 dominicam

164 2375 289 2453 saepius
310 2377 467 2438 decantari
491 2378 560 2456 ipsa
581 2379 677 2439 etiam
698 2396 758 2437 nos
777 2375 970 2437 consuetudo
990 2376 1117 2438 sedulae

163 2472 389 2551 deprecationis
402 2494 437 2535 ac
451 2496 590 2553 genuum
604 2475 769 2537 flexionis²
783 2475 896 2537 docuit

206 2574 235 2633 ⁶.
258 2573 347 2648 Quod
372 2573 400 2634 si
423 2573 507 2649 haec,
532 2579 568 2635 ut
592 2574 797 2653 suggerimus,
821 2574 856 2634 in
878 2574 1024 2651 regendis
1050 2592 1116 2651 pas·
1133 2592 1249 2646 Thespro

54 2698 62 2728 ι
165 2671 333 2749 cendisque
362 2672 479 2734 Christi
508 2672 663 2735 ouibust
649 2676 704 2734 tua
729 2671 734 2752 Ι
760 2672 923 2751 pastoralis
951 2673 1117 2733 auctoritas
1132 2651 1268 2755 wa

164 2770 336 2847 perdocent,
368 2771 429 2832 dici
460 2792 525 2832 non
557 2774 661 2849 potest
695 2775 850 2850 quantum
877 2771 937 2832 tibi
964 2791 1116 2849 supernae
1133 2770 1228 2825 i1¹8⁸⁰f

164 2869 317 2931 mercedis
338 2870 420 2947 apud
444 2870 607 2931 Pastorem
633 2870 833 2949 pastorum
824 2890 860 2930 m
868 2870 1011 2931 ⁸futuro
1033 2888 1117 2947 prae·
1133 2829 1267 2883 &³⁹²⁰oe
1366 2900 1374 2911 ·

164 2967 328 3044 paraueris.
374 2969 498 3045 Quanto
526 2968 612 3029 enim
640 2968 757 3030 rariora
787 2968 883 3029 huius
914 2967 1116 3029 sacratissimi

165 3066 267 3143 operis
291 3067 326 3127 in
348 3068 500 3146 episcopis
522 3071 647 3129 nostrae
671 3067 774 3145 gentis
797 3067 941 3145 exempla
968 3068 1113 3146 repperis,

164 3168 253 3226 tanto
274 3166 385 3228 altiora
406 3166 574 3244 singularis
594 3166 702 3227 meriti
722 3164 879 3244 praemia⁰
899 3166 1046 3243 recipies;
1068 3172 1115 3228 ut

165 3268 237 3341 pote
246 3264 300 3342 qui
311 3264 464 3343 populum
473 3266 533 3326 Dei
541 3286 597 3343 per
605 3264 746 3327 crebram
755 3264 892 3342 symboli
902 3265 954 3325 uel
966 3265 1117 3326 orationis

166 3380 266 3423 sacrae
288 3363 539 3425 decantationem
562 3365 601 3425 ad
621 3364 826 3440 intellectum,
846 3384 994 3441 amorem,
1016 3384 1113 3443 spem,

164 3461 322 3537 lidem‚et
290 3462 474 3540 elinquisit
475 3462 579 3523 ionem
600 3464 780 3538 eorundem,
799 3482 878 3540 quae
899 3462 1112 3539 decantantur,

164 3560 344 3621 caelestium
365 3560 529 3637 donorum,
553 3565 683 3639 patema
705 3560 821 3639 pietate
841 3580 877 3622 ac
904 3560 1115 3623 sollicitudine

196 3715 345 3768 ¹mecom.
359 3717 397 3768 li.
500 3716 627 3769 ²-lesH.
722 3716 964 3777 ’malicoramlt
1062 3717 1117 3769 ⁴et

163 3794 259 3844 omli.
342 3795 430 3846 'uem
444 3796 517 3845 dial).
528 3794 565 3845 ll.
663 3794 857 3849 ‘utconlu
958 3792 1117 3849 'lieet-11¹.

164 3872 220 3923 'ia
231 3888 276 3925 cnr.
290 3873 328 3927 ll.
426 3874 574 3938 ’praemia
584 3890 630 3925 om,
643 3873 679 3926 Η.
