2859 4334
327 244 391 308 226
596 244 754 311 Historia
775 243 1007 311 Ecclesiastico
1158 253 1225 319 [m
1237 253 1285 304 IV.

327 413 381 491 qui
390 412 602 475 Erconunld0¹
614 418 802 475 successerat
814 437 821 491 ;
840 418 874 476 et
883 435 938 492 per
948 415 1016 474 eius
1028 411 1286 473 benedictionem

327 513 472 572 habitum
486 513 652 589 religionis,
670 534 766 591 quem
779 515 834 575 diu
848 513 1047 588 desiderabat,
1063 513 1190 588 accepit.
1227 511 1287 570 Aa

328 611 404 672 tulit
424 613 529 671 autem
551 612 652 672 eidem
671 615 703 672 et
721 633 880 674 summam
900 613 1049 690 pecuniae
1067 631 1131 671 non
1152 629 1287 687 paruam

328 710 515 787 pauperibus
533 711 729 788 erogandam,
746 712 793 771 nil
812 711 1002 772 omnimodis
1019 709 1079 769 sibi
1099 728 1286 782 reseruans3

329 809 383 869 sed
411 829 527 886 pauper
553 811 665 886 spiritu
694 811 794 889 magis
817 813 945 887 propter
966 829 1099 886 regnum
1124 808 1286 868 coelorum

329 927 455 968 manere
469 908 653 970 desiderans

241 1038 256 1069 ο
372 1007 431 1083 Qui
447 1027 519 1067 cum
529 1007 762 1084 ingrauescente
775 1008 912 1085 praefata
926 1007 1110 1086 egritudine,
1124 1005 1212 1064 diem
1223 1002 1288 1063 sibi

177 1098 198 1128 ¹⁸
225 1099 255 1130 ⁰⁸
285 1115 291 1138 ¹
331 1109 441 1165 mortis
462 1105 618 1165 inminere
637 1107 793 1180 sensisset,
814 1107 925 1166 timere
946 1106 1047 1182 coepit
1066 1104 1164 1165 homo
1184 1101 1287 1163 animi

331 1204 450 1282 regalis,
474 1225 514 1264 ne
534 1205 573 1264 ad
599 1208 734 1264 mortem
754 1205 887 1265 ueniens
909 1208 997 1265 tento
1017 1205 1159 1264 adfectus
1180 1202 1288 1262 dolore

331 1302 448 1379 aliquid
468 1301 633 1379 indignum
651 1321 724 1362 suae
744 1323 894 1380 personae
915 1303 967 1363 uel
983 1322 1036 1363 ore
1050 1303 1212 1379 proferret,
1232 1300 1286 1360 uel

332 1402 466 1463 aliorum
487 1404 576 1461 motu
602 1405 721 1478 gereret
742 1402 966 1462 membrorum.
1011 1401 1106 1462 Unde
1126 1401 1226 1460 nocito
1246 1399 1287 1459 ad

332 1520 365 1559 ee
380 1501 538 1577 praefat0²
558 1501 644 1561 urbis
662 1501 852 1577 Lundoniae,
869 1501 904 1560 in
923 1519 985 1577 qua
1004 1503 1079 1560 tunc
1096 1500 1165 1577 ipse
1181 1519 1289 1558 mane·

332 1598 393 1673 bat,
418 1600 568 1676 episcopo,
593 1601 723 1678 rogauit,
737 1620 787 1672 ‚ne
807 1600 914 1676 plures
934 1601 991 1658 co³
1011 1599 1167 1659 moriente
1187 1618 1288 1676 quam

333 1699 399 1774 ipse
423 1698 584 1774 episcopus
608 1701 639 1757 et
662 1700 724 1759 duo
751 1699 801 1758 sui
828 1697 968 1758 ministri
995 1699 1147 1758 adessent
1193 1695 1286 1772 Quod

334 1797 431 1856 dum⁴
446 1796 607 1873 epiecopus
624 1797 832 1857 libentissime
849 1817 882 1856 se
901 1798 1056 1857 facturum
1072 1797 1284 1873 promitteret,

335 1915 399 1954 non
422 1895 524 1955 multo
546 1897 616 1972 post
639 1896 725 1956 idem
749 1896 799 1956 uir
821 1896 888 1971 Dei,
914 1897 990 1957 dum
1011 1896 1154 1956 membra
1180 1895 1289 1972 sopori

336 1994 480 2069 dedisset,
505 1994 585 2054 uidit
608 1995 762 2054 uisionem
785 1994 1030 2069 consolatoriam,
1054 2015 1134 2072 quae
1157 2013 1291 2053 omnem

336 2093 365 2152 ci
393 2092 582 2154 anxietatem
610 2097 799 2154 memoratae
823 2093 1045 2154 sollicitudinis
1071 2093 1215 2166 auferret,
1243 2093 1292 2152 in·
1410 2123 1412 2157 ι

335 2211 429 2268 super
463 2195 501 2265 et,
532 2211 592 2268 qua
626 2192 677 2252 die
703 2196 785 2252 esset
811 2193 892 2252 hanc
919 2193 1019 2252 uitam
1046 2193 1289 2265 terminaturus,
1409 2248 1410 2261 ,

336 2290 519 2350 ostenderet.
564 2289 655 2350 Uidit
669 2291 762 2366 enim,
776 2295 812 2351 ut
826 2295 896 2368 poet
910 2292 977 2368 ipse
990 2291 1151 2365 referebat,
1168 2294 1235 2350 tres
1248 2291 1292 2350 ad
1408 2334 1409 2365 ,

336 2409 369 2448 se
391 2389 514 2448 uenisse
535 2388 619 2449 uiros
639 2390 722 2450 claro
742 2389 870 2450 indutos
891 2390 1021 2466 habitu3
1046 2410 1181 2468 quorum
1203 2408 1293 2450 unus

336 2488 475 2547 residens
488 2491 561 2548 ante
578 2487 731 2548 lectulum
750 2490 826 2562 eius,
857 2490 1013 2550 stantibus
1026 2490 1085 2563 his,
1104 2491 1158 2566 qui
1178 2509 1292 2550 secum

336 2587 527 2647 aduenerant
537 2587 555 2662 ⁵,
567 2587 742 2662 comitibus,
751 2591 783 2648 et
792 2588 1057 2665 interrogantibus
1066 2587 1105 2648 de
1113 2591 1198 2648 statu
1208 2588 1289 2663 eius

337 2704 430 2761 quern
441 2684 644 2762 languentem
654 2686 781 2746 uisitare
790 2690 942 2747 uenerant
950 2688 969 2762 ⁴,
983 2687 1070 2762 dixit,
1089 2687 1294 2764 quodanima

337 2781 411 2856 eius,
429 2785 460 2842 et
475 2783 543 2842 sine
557 2783 622 2843 ullo
637 2784 750 2858 dolore,
768 2788 800 2845 ct
814 2805 886 2844 cum
900 2805 1015 2862 magno
1028 2786 1108 2845 lucis
1121 2785 1294 2863 splendore

337 2884 418 2941 esset
446 2902 606 2959 egressura
637 2883 676 2943 de
704 2903 849 2960 corpore;
869 2884 923 2944 sed
952 2887 985 2944 et
1011 2885 1143 2944 tertium
1173 2885 1293 2944 exinde

337 2979 430 3054 diem,
461 3001 524 3058 quo
558 2984 639 3041 esset
673 2982 853 3057 moriturus,
889 2982 1072 3043 insinuauit.
1118 2983 1210 3057 Quod
1245 2984 1293 3043 ita

337 3081 515 3156 utrumque,
533 3081 569 3139 ut
584 3099 621 3138 ex
639 3079 760 3140 uisione
774 3080 890 3154 didicit,
907 3081 1090 3157 conpletum
1104 3083 1159 3142 est
1204 3081 1292 3141 Nam
1401 3086 1402 3099 ¹

338 3177 389 3237 die
412 3177 524 3237 dehinc
549 3177 651 3252 tertio,
679 3178 823 3254 conpleta
846 3180 921 3239 hora
949 3199 1040 3255 nona,
1070 3179 1176 3239 subito
1199 3179 1291 3258 quasi
1400 3172 1401 3203 ¹

337 3275 449 3334 leuiter
483 3275 691 3352 obdormiens,
721 3277 791 3336 sine
818 3277 884 3338 ullo
912 3295 1006 3337 sensu
1034 3277 1151 3338 doloris
1181 3279 1291 3339 emisit

338 3375 492 3453 spiritum

167 3487 217 3532 nno
231 3483 319 3530 burin
380 3475 476 3535 Cuius
490 3476 608 3552 corpori
622 3473 810 3535 tumulando
824 3478 1081 3552 praeparauerant
1094 3476 1292 3552 sarcofagum

338 3571 515 3649 lapideum3
540 3574 593 3634 sed
615 3593 688 3634 cum
708 3573 783 3634 huic
803 3593 915 3651 corpus
934 3572 1084 3651 inponere
1104 3573 1290 3651 coepissent,

372 3736 380 3766 ¹
396 3753 491 3788 ercun-
502 3738 523 3788 (i
534 3754 541 3798 ;
557 3738 668 3787 erchon·
679 3739 713 3788 N.
831 3736 841 3766 ¹
857 3741 912 3788 -tae
923 3738 951 3801 0,
963 3742 1073 3798 amitino
1083 3737 1232 3788 lundonia
1245 3777 1254 3790 .
1266 3777 1275 3790 .
1286 3777 1294 3790 .

339 3817 482 3878 manebat;
498 3832 524 3865 ao
534 3815 586 3880 01¹.
598 3815 638 3876 0,.
650 3817 684 3866 D.
695 3815 740 3866 isc.
801 3816 811 3845 ¹
828 3831 890 3865 eum
902 3815 944 3866 13¹.
999 3815 1008 3843 ⁴
1024 3831 1088 3866 cum
1100 3815 1131 3867 (i.
1187 3817 1198 3846 ⁸
1213 3831 1294 3868 nene-

341 3897 403 3942 rant
415 3893 443 3943 C.
509 3892 518 3922 ⁸
535 3895 679 3944 comitibus
691 3931 698 3946 .
711 3931 719 3945 .
730 3932 737 3946 .
748 3898 889 3955 uenerant,
900 3899 977 3944 added
986 3909 1017 3944 oa
1027 3898 1095 3944 tw
1104 3899 1202 3956 min
1212 3895 1252 3948 Ι.
