2859 4334
144 454 182 499 He
192 466 248 499 con·

143 517 211 559 verte
220 513 265 559 the

142 573 266 619 northern

143 632 218 676 Irish.

315 262 381 329 316
584 261 744 330 Historia
764 263 997 331 Ecclesiastico
1155 274 1221 341 [aa.
1236 280 1269 329 v.

316 434 425 515 perat¹,
439 436 581 497 ueritatis
591 436 701 498 callem
709 439 883 515 perducere,
895 457 954 499 nec
964 438 1074 500 ualuit.
1098 438 1271 516 Nauigauit

317 535 505 597 Hiberniam
513 535 532 611 ⁹,
544 540 576 597 et
584 536 765 613 praedicans
775 536 829 612 eis,
843 557 878 598 ac
889 537 1030 598 modesta
1037 538 1269 599 exhortatione’

316 634 477 697 declarans
491 634 667 712 legitimum
682 636 814 712 paschae
829 639 962 714 tempus,
979 635 1134 714 plurimos
1146 656 1267 711 eorum,

317 736 348 793 et
361 752 442 810 pene
457 752 574 809 omnes,
592 735 646 811 qui
663 734 702 795 ab
716 734 887 795 Hiensium
906 734 1047 794 dominio
1060 737 1150 794 crant
1163 735 1265 809 liberi,

316 830 356 891 ab
369 851 471 892 errore
488 832 574 892 auito
590 835 752 908 correctos,
768 834 806 893 ad
826 832 981 893 unitatem
998 833 1123 893 reduxit
1140 833 1268 893 catholi-

315 950 392 1007 cam,
405 950 440 990 ac
451 930 628 1008 legitimum
639 931 771 1008 paschae
779 934 906 1009 tempus
916 930 1081 992 obseruare
1090 932 1264 1009 perdocuit.

315 1028 376 1105 Qui
398 1048 470 1089 cum
493 1028 648 1090 celebrato
671 1030 706 1091 in
729 1030 883 1090 Hibernia
903 1033 1052 1092 canonico
1075 1031 1199 1108 pascha,
1226 1033 1267 1093 ad

315 1148 404 1189 suam
423 1128 562 1189 insulam
584 1129 770 1206 reuertisset,
787 1149 906 1207 suoque
925 1130 1117 1190 monasterio
1137 1131 1267 1193 catholi-

315 1226 406 1286 cam‘
429 1226 580 1303 temporis
607 1228 762 1304 paschalis
788 1228 1017 1289 obseruantiam
1038 1228 1269 1289 instantissime

316 1324 513 1402 praedicaret,
551 1345 608 1385 neo
637 1329 746 1386 tamen
780 1326 935 1403 perficere,
966 1327 1050 1404 quod
1085 1328 1265 1402 conabatur,

316 1426 429 1501 posset,
460 1424 591 1502 contigit
618 1444 692 1485 eum
720 1428 794 1486 ante
823 1425 983 1503 expletum
1011 1424 1084 1485 anni
1114 1426 1269 1488 circulum

317 1522 676 1601 migraese⁵desaeculo
712 1523 830 1583 Diuina
841 1524 950 1602 utique
960 1524 1059 1601 gratia
1069 1524 1265 1601 disponente,

316 1625 352 1681 ut
371 1622 421 1681 uir
437 1620 570 1681 unitatis
587 1640 622 1681 ao
643 1622 728 1699 pacis
746 1622 993 1684 studiosissimus
1011 1626 1085 1682 ante
1106 1623 1146 1683 ad
1168 1623 1269 1685 uitam

317 1722 476 1798 raperetur
494 1724 662 1796 aeternam,
680 1742 774 1799 quam
791 1720 943 1782 redeunte
958 1722 1265 1798 tempore-paschali,

317 1818 492 1896 grauiorem
508 1838 581 1879 oum
598 1819 650 1895 eis,
675 1820 730 1897 qui
748 1840 821 1880 eum
838 1820 877 1880 ad
893 1819 1059 1881 ueritatem
1077 1820 1167 1897 sequi
1186 1820 1271 1880 nole·

317 1918 402 1993 bant,
420 1920 579 1995 cogeretur
592 1916 707 1977 habere
720 1918 915 1981 discordiam.

145 2035 190 2080 nn
197 2034 298 2080 booron
358 2015 489 2093 Scripsit
508 2016 591 2077 idem
611 2016 661 2076 uir
674 2017 714 2078 ds
731 2017 808 2076 locis
820 2018 937 2079 sanctis
957 2016 1076 2077 librum
1089 2016 1270 2094 legentibus
1287 2028 1409 2077 auam

144 2094 188 2138 the
198 2094 264 2149 Holy

146 2154 235 2199 Places.

316 2114 428 2175 multis
452 2114 646 2189 utillimum
668 2115 757 2175 cuius
776 2119 884 2176 auctor
903 2120 970 2176 erat
991 2116 1130 2176 docendo
1151 2134 1187 2175 ac
1212 2117 1270 2176 dio
1286 2088 1378 2192 {¹22⁹

317 2214 409 2274 tundo
425 2213 594 2277 Galliarum
609 2217 754 2291 episcopm
766 2214 942 2292 Arcautfias,
956 2214 1010 2293 qui
1021 2217 1154 2276 locorum
1168 2215 1270 2293 gratia
1286 2206 1391 2311 ξιξ

316 2319 488 2375 surdorum
513 2316 640 2373 uenerat
665 2313 928 2393 Hierusolymam,
953 2318 986 2375 et
1007 2314 1158 2375 lustrata·
1180 2317 1271 2376 omni

316 2416 399 2472 terra
416 2411 879 2489 repromissionisDamascum
898 2433 1030 2492 quoque,
1050 2414 1271 2474 Constantino·

316 2510 423 2588 polim,
455 2509 686 2587 Alexandriam,
717 2512 835 2572 multas
861 2512 957 2573 maris
984 2511 1104 2571 insulas
1130 2511 1271 2585 adierat3

317 2610 510 2687 patriamque
533 2610 657 2687 nauigio
675 2614 842 2687 reuertens,
866 2610 900 2670 ui
921 2610 1118 2687 tempestatis
1138 2611 1172 2669 in
1194 2612 1272 2671 occi·

317 2704 454 2765 dentalia
472 2704 646 2765 Brittaniae
662 2705 754 2765 litora
774 2704 913 2765 delatus²
940 2708 1010 2779 est3
1034 2725 1069 2765 ac
1082 2708 1154 2783 post
1167 2706 1272 2766 multa

316 2804 355 2863 ad
376 2808 584 2863 memoratum
605 2803 722 2864 Christi
743 2803 900 2864 famulum
920 2803 1145 2864 Adamnanum
1163 2824 1272 2881 perue-

317 2902 416 2978 niens‚
433 2902 488 2963 ubi
507 2903 616 2963 doctus
630 2902 664 2963 in
681 2901 853 2981 scripturis,
871 2906 1112 2980 sanctorumque
1128 2903 1270 2963 locorum

318 3022 433 3080 gnarus
460 3020 528 3062 esee
556 3005 724 3079 conpertus
750 3004 806 3078 est,
834 3002 1043 3062 libentissime
1067 3005 1116 3062 est
1143 3002 1183 3063 ab
1212 3002 1271 3062 illo

321 3098 512 3177 (susceptus,
539 3100 689 3185 libentius
712 3101 856 3176 auditus,
880 3102 957 3161 adeo
978 3104 1023 3175 ut,
1049 3120 1192 3178 quaeque
1214 3100 1272 3161 ille
1288 3118 1389 3167 ama

317 3218 350 3259 se
363 3199 398 3258 in
416 3198 492 3258 locis
511 3199 627 3259 sanctis
645 3204 821 3260 memoratu
839 3200 934 3277 digna
951 3199 1068 3260 uidisse
1085 3200 1268 3275 testabamr,

317 3300 428 3358 cuncta
455 3316 528 3358 mox
560 3298 620 3357 iste
649 3298 765 3358 litteris
793 3298 941 3359 mandare
971 3297 1134 3360 curauerit
1173 3298 1274 3359 Fecit-

318 3416 379 3474 que
406 3417 492 3474 opus,
523 3400 560 3457 ut
587 3395 661 3471 dixi,
692 3397 822 3457 multia⁸
855 3397 942 3471 utile,
967 3400 1000 3457 et
1026 3396 1165 3457 maxime
1191 3396 1269 3464 illis,

318 3496 373 3573 qui
394 3495 519 3573 longius
539 3495 579 3556 ab
600 3496 645 3556 eis
672 3496 757 3571 locis,
788 3495 823 3555 in
851 3496 967 3573 quibus
997 3496 1191 3572 patriarchae
1218 3498 1273 3557 uel

319 3595 452 3671 apostoli
480 3596 576 3669 erant,
602 3595 720 3669 secreti,
746 3614 783 3655 ea
805 3598 932 3655 tantum
956 3594 1079 3670 dehis,
1108 3616 1187 3674 quae
1213 3594 1275 3655 lec·

351 3769 359 3796 ¹
376 3770 475 3833 suscip·
487 3769 523 3819 M.
536 3769 575 3820 0¹.
771 3766 782 3797 ¹
798 3770 864 3833 hyb-
876 3768 911 3821 Ν.
1109 3769 1119 3799 ⁸
1134 3776 1222 3820 exort-
1232 3770 1271 3821 Η.

318 3852 500 3901 ‘canonicam
512 3854 545 3904 N.
727 3851 871 3917 ⁸migrare
881 3854 916 3906 N.
1094 3855 1222 3906 *ἰωὴ
1232 3854 1274 3907 1.

318 3932 329 3963 ἵ
346 3934 384 3983 di·
397 3936 432 3984 Μ.
447 3935 486 3987 0¹.
498 3936 529 3986 N.
625 3934 634 3965 ⁸
650 3936 770 3987 multum
782 3938 819 3989 li.
