2859 4334
357 279 422 343 220
632 274 790 340 Historia
811 271 1046 340 Eorteatoatioo
1188 284 1295 350 [cmlv.

357 446 480 520 christi,
505 447 544 506 ad
572 445 735 522 sepulchra
763 444 905 520 fratrum,
930 444 986 522 qui
1012 463 1064 503 eas
1088 462 1127 502 ex
1153 443 1214 503 hac
1238 442 1297 501 luce

356 547 595 622 praecesserant,
612 543 720 603 solitas
737 543 873 603 Domino
891 543 998 603 laudes
1012 543 1223 615 decantarent,
1238 558 1297 599 ecre

357 644 459 730 subito
483 643 538 702 lux
564 642 678 702 emiaaa
700 641 837 716 caelitus,
860 641 961 700 ueluti
984 640 1120 701 linteum
1143 658 1293 717 magnum,
1309 650 1398 718 aleta

355 742 444 802 uenit
465 761 558 818 super
577 761 695 814 omnes,
718 743 867 816 tantoque
888 759 939 799 eae
960 741 1087 817 stupore
1107 739 1247 815 perculit,
1266 739 1297 796 ut
1311 721 1395 764 ¹¹³¹*

355 842 450 900 etiam
469 838 473 920 Ι
492 841 657 914 canticum,
691 839 774 915 quod
802 838 964 910 canebant,
989 838 1189 898 tremefactae
1215 839 1375 898 intentab

355 941 527 999 mitterent.
562 938 635 1015 Ipse
649 940 755 998 autem
769 935 917 1014 splendor
927 936 1058 1030 emissae
1072 937 1159 1010 lucis,
1171 938 1206 996 in
1221 935 1298 996 ouius

355 1037 572 1114 conparatione
599 1035 647 1095 sol
675 1036 868 1096 meridianus
891 1035 991 1095 uideri
1017 1037 1123 1112 posset
1146 1035 1294 1107 obscum,

355 1155 419 1196 non
441 1134 542 1195 multo
563 1134 707 1212 postilla
726 1133 867 1194 elenatus
881 1133 920 1193 de
938 1133 1013 1208 loco,
1030 1134 1065 1193 in
1078 1127 1297 1194 meridianum¹

355 1233 543 1308 monasterii,
569 1233 628 1292 hoc
652 1235 699 1292 est
726 1233 765 1292 ad
794 1232 986 1292 occidentem
1010 1232 1142 1306 oratorii,
1171 1231 1294 1302 secessit,

353 1333 460 1409 ibique
480 1331 662 1408 aliquandiu
683 1333 865 1406 remoratus,
887 1334 919 1392 et
939 1351 976 1392 ea
999 1331 1067 1392 loca
1086 1334 1238 1408 operiens,
1259 1331 1298 1390 aio
1348 1349 1355 1367 ·

354 1431 536 1491 uidentibus
550 1430 672 1490 cunctis
689 1430 728 1491 ad
746 1429 823 1489 caeli
840 1449 874 1489 aa
893 1431 957 1490 alta
977 1430 1146 1504 subduxit3
1169 1434 1206 1490 ut
1225 1429 1298 1491 nulli

355 1533 435 1589 esset
448 1529 588 1603 dubium,
608 1529 684 1605 quin
702 1529 769 1606 ipsa
787 1527 851 1603 lux,
868 1548 947 1605 quae
959 1528 1101 1588 animas¹
1114 1529 1298 1589 famularum

355 1627 470 1690 Christi
495 1631 576 1687 esset
601 1628 733 1687 ductura
757 1625 808 1685 uel
830 1630 1012 1703 susceptura
1034 1628 1070 1687 in
1090 1628 1192 1702 caelia,
1211 1627 1297 1688 etiam

354 1726 533 1802 corporibus
554 1745 660 1786 eanrm
682 1725 795 1800 locum,
818 1725 854 1784 in
874 1745 937 1802 quo
960 1727 1146 1802 requietura,
1169 1729 1201 1786 et
1221 1726 1298 1786 diem

353 1824 587 1883 resurrectionis
613 1827 716 1882 essent
738 1826 943 1900 expectatura,
967 1828 1165 1886 monstraret
1209 1825 1298 1886 Cuius

353 1922 458 1983 radius
485 1923 565 1982 lucis
592 1925 699 1982 tantus
723 1921 829 1982 extitit
838 1923 856 1997 ⁸,
882 1925 919 1983 ut
942 1923 1070 2001 quidam
1094 1924 1133 1983 de
1157 1923 1299 1984 nauibus

353 2021 464 2098 senior,
483 2023 536 2099 qui
561 2022 628 2098 ipsa
652 2022 729 2081 hora
749 2021 783 2080 in
805 2021 938 2082 oratorio
958 2042 1067 2082 eorum
1088 2043 1162 2082 cum
1181 2022 1242 2083 alio
1260 2022 1299 2080 iu·

353 2120 441 2181 niore
461 2120 581 2198 positus
600 2120 709 2194 fuerat,
730 2120 858 2180 referret
877 2140 978 2196 mane,
995 2121 1077 2198 quod
1098 2122 1229 2198 ingressi
1247 2138 1299 2198 per

353 2222 467 2280 fimas⁴
488 2219 640 2278 ostiorum
661 2218 713 2278 uel
738 2218 943 2278 fenestrarum
968 2219 1047 2279 radii
1066 2219 1153 2294 lucia,
1177 2237 1299 2280 omnem

353 2318 458 2378 diurni
471 2317 602 2377 luminis
616 2316 799 2378 uiderentur
812 2336 956 2395 superare
970 2317 1134 2396 fulgorem.

726 2587 819 2649 CAP.
835 2589 930 2648 VIII.

354 2751 382 2796 Ut
394 2752 420 2795 r'n
431 2753 505 2797 eodem
517 2752 654 2796 monasterio
661 2753 777 2806 paenam
783 2753 884 2798 mortona
894 2755 1021 2810 armenon,
1028 2769 1089 2811 quoe
1099 2769 1123 2802 ae
1130 2759 1179 2802 erat
1188 2759 1295 2813 anctum,

407 2830 544 2875 clamarit
550 2845 559 2886 ,·
582 2832 652 2886 atquc
669 2831 720 2875 alto
738 2832 766 2876 de
785 2845 873 2886 corpore
891 2845 1018 2893 carcereo,
1037 2836 1089 2879 fam
1102 2836 1245 2891 pantardum

678 2908 780 2965 suturae
790 2911 850 2954 tucia
859 2913 979 2967 oapaerr't.

393 3037 482 3098 ΕΜ
503 3037 536 3098 in
557 3039 666 3098 eodem
688 3043 877 3102 monasterio
895 3062 974 3118 puer
987 3043 1085 3104 trium
1099 3044 1220 3104 circiter
1235 3063 1294 3103 non

352 3137 487 3213 amplius
514 3158 678 3212 annorum,
710 3139 822 3198 Aesica
850 3141 987 3216 nomine,
1018 3142 1074 3219 qui
1101 3146 1224 3221 propter
1252 3143 1294 3201 iu·

352 3236 495 3295 tantilem
509 3237 610 3297 adhuc
629 3241 764 3297 aetatem
785 3236 819 3297 in
839 3239 999 3318 uirginum
1012 3241 1080 3301 Deo
1094 3243 1292 3302 dedicatanrm

352 3334 472 3395 solebat
492 3335 569 3394 cella
594 3335 716 3411 nutriri,
740 3337 846 3412 ibique
866 3338 1039 3400 modItarII
1084 3340 1147 3401 Hic
1169 3339 1293 3418 praefata

351 3431 528 3508 pestilentia
549 3436 658 3508 tactus,
683 3434 737 3494 ubi
758 3435 796 3494 ad
819 3438 957 3496 extrema
978 3438 1132 3515 peruenit,
1156 3437 1291 3499 cumano

351 3531 443 3590 tertio
464 3551 560 3591 unam
579 3532 617 3591 de
636 3534 822 3593 consecratis
835 3533 961 3595 Christo
980 3536 1164 3614 uirginibus,
1179 3536 1289 3615 proprio

383 3693 391 3723 ¹
409 3699 442 3742 ric
455 3695 497 3756 B;
521 3709 595 3744 -nam
608 3697 644 3748 Μ.
656 3697 685 3747 C.
697 3697 741 3759 N;
764 3699 784 3747 C
802 3702 917 3760 {mnino
934 3703 1038 3763 partem
1057 3705 1121 3761 aster
1137 3701 1285 3752 monastarit

350 3771 360 3800 ²
377 3773 489 3836 animas,
503 3778 579 3822 added
589 3791 619 3822 on
631 3780 726 3835 marein
737 3776 773 3826 M.
857 3781 866 3807 ³
883 3781 942 3827 erat
953 3779 982 3828 0.
995 3779 1081 3830 Mc.
1162 3783 1252 3842 ‘ripas
1260 3777 1285 3825 C·

351 3847 450 3909 13¹1.0,.
551 3851 561 3880 ⁵
579 3853 706 3902 medicari
728 3859 813 3919 smmi,
831 3857 937 3914 sabucea
954 3861 984 3916 by
1004 3861 1105 3918 Humor,
1124 3865 1173 3908 ond
1188 3858 1282 3921 (Μ’

352 3934 380 3987 by
389 3933 508 3977 sarracon
517 3935 567 3979 ona
578 3935 684 3991 aaran.
717 3936 742 3981 It
752 3938 796 3982 toa
810 3949 840 3983 no
851 3941 998 3996 manuampr
1007 3942 1133 3998 authority.
