2859 4334
149 257 206 304 cu.
221 253 340 319 xxxii]
449 247 564 314 Gentis
585 250 790 334 Amploeum.
1054 255 1096 318 67

146 415 215 486 quia
240 418 359 476 nemina
382 424 479 478 uestra
506 423 613 497 surpta
639 429 709 483 mmt
732 427 765 483 ire
791 424 887 484 eaelo)
927 426 996 484 Nem
1021 427 1099 484 emim

147 531 243 572 omnes
265 517 342 574 eluti
361 519 502 579 miracula
517 521 644 596 suriunt,
671 525 722 582 sed
745 528 842 583 tanen
862 542 959 584 eorum
978 515 1099 584 umuiua

146 614 279 672 emnium
305 617 338 674 iu
364 618 439 676 melo
466 623 596 679 tenentur
621 623 773 697 adseriptu
831 624 968 683 Ueritutis
994 625 1098 682 etenim

147 711 298 786 discipulis
321 733 378 774 esse
396 719 541 790 paudium
561 739 620 779 mom
640 721 726 794 debet,
747 724 808 781 uisi
830 723 864 782 ele
879 741 910 781 eo
927 724 1006 795 boue,
1023 723 1099 796 quod

146 829 296 872 rotumum
316 832 382 873 eum
402 819 537 878 ornuileus
557 820 667 894 habeut,
692 827 719 879 et
734 822 767 879 im
787 839 843 896 quo
858 823 951 896 fierem
973 823 1102 880 laetitiae

146 928 204 968 nere
219 911 330 971 termut.

186 1011 288 1070 Restat
304 1014 405 1087 itaque,
417 1015 516 1087 frater
527 1019 683 1091 carissime,
694 1023 728 1077 ut
738 1021 814 1077 inter
824 1038 865 1087 eu,
883 1037 956 1093 quae
967 1023 1099 1094 merome

145 1109 273 1170 Domine
288 1115 410 1172 tuter-ius
420 1116 507 1189 sacis,
525 1135 634 1192 semper
649 1123 674 1178 te
690 1119 816 1178 interius
831 1120 976 1178 subtiliter
988 1119 1099 1176 medices

146 1227 181 1267 ue
201 1212 346 1270 subtiliter
363 1213 512 1289 iutellepas
529 1221 556 1274 et
574 1221 656 1276 temet
676 1219 773 1292 ipsum
791 1220 857 1292 quis
874 1220 922 1292 sis,
942 1223 970 1277 et
988 1223 1099 1291 qreuuta

144 1310 183 1366 sit
195 1309 228 1366 in
238 1310 336 1370 eudem
345 1317 428 1385 pente
435 1316 540 1386 pratia,
546 1333 602 1388 pro
613 1317 695 1375 euius
706 1318 886 1376 conuersiene
896 1317 1099 1389 etiemsueiem·

145 1409 250 1466 elomm
266 1410 414 1482 sipnerum
433 1412 508 1472 dena
522 1417 674 1488 percepisti
685 1413 702 1473 ¹.
740 1416 784 1474 Et
804 1416 961 1489 siquando
979 1415 1102 1475 teCma·

145 1508 202 1565 teri
222 1512 319 1566 nostru
333 1525 383 1568 seu
394 1527 451 1583 per
468 1512 608 1586 linquam,
625 1515 687 1572 siue
695 1533 750 1587 per
761 1513 894 1588 eperam²
910 1515 1101 1573 reminisceris

145 1605 307 1678 deliquisse,
323 1626 432 1682 semper
443 1609 511 1669 leuet
524 1611 564 1670 ed
577 1614 743 1671 memorium
758 1631 876 1684 murices,
893 1619 926 1671 ut
939 1616 1101 1686 surpentem

145 1705 241 1763 cordis
260 1706 384 1779 pluriam
406 1711 545 1768 memoria
565 1715 662 1770 reatus
680 1717 804 1786 premat.
840 1713 883 1770 Et
907 1713 1043 1785 quiemeid
1067 1711 1101 1770 de

137 1805 290 1876 faciendis
304 1807 399 1880 siquis
417 1811 562 1882 acceperis,
584 1811 631 1868 uel
650 1812 790 1884 aecemsti,
810 1812 878 1870 leues
895 1830 953 1869 um
972 1812 1033 1883 tibi,
1052 1809 1101 1868 sed

145 1904 207 1962 illis
221 1904 338 1978 deputes
351 1905 464 1980 durata,
476 1927 533 1982 pro
546 1927 667 1982 ueterum
680 1911 734 1968 tibi
747 1911 840 1969 salute
853 1911 957 1968 collatu
970 1913 1046 1969 suut.

493 2245 585 2306 CAP.
610 2246 750 2308 XXXII.

350 2422 378 2467 Ut
388 2417 540 2468 AEdilberete³
551 2423 599 2480 reyi
610 2423 695 2468 litteras
706 2426 726 2468 et
737 2424 798 2467 deria
809 2423 906 2468 miserit.

189 2567 287 2628 Mrerr
312 2565 394 2626 idem
417 2567 524 2628 beatus
547 2587 626 2644 papa
644 2568 811 2644 Gregorius
833 2568 942 2626 eodem
964 2571 1102 2644 tempore

144 2667 245 2726 etiam
267 2665 333 2743 regi
353 2665 571 2726 Aedilberet0⁴
593 2665 768 2742 epistulam,
794 2666 941 2726 simulet
963 2667 1045 2725 dona
1065 2664 1099 2724 in

144 2765 282 2824 diuersis
316 2763 476 2840 speciebus
510 2765 677 2842 perplura3
716 2764 942 2840 temporalibus
977 2783 1101 2840 quoque

144 2863 322 2924 honoribus
342 2883 446 2940 regem
467 2863 638 2940 glorificare
658 2865 809 2939 satagens,
833 2862 884 2922 cui
904 2861 1021 2938 gloriae
1040 2881 1102 2920 eae-

145 2962 238 3022 lestis
273 2982 329 3021 suo
363 2962 467 3022 labore
502 2965 534 3022 et
563 2961 717 3022 industria
745 2961 893 3021 notitiam
920 2959 1102 3036 prouenisse

143 3059 312 3138 gaudebat.
339 3059 507 3136 Exemplar
516 3063 621 3118 autem
636 3061 789 3135 praefatae
799 3059 952 3135 epistulae
962 3059 1019 3116 hoe
1034 3061 1102 3116 est:

36 3180 76 3214 ἰη
207 3157 360 3236 {Domine
391 3161 595 3234 plmiasissime
625 3165 708 3234 utque
736 3160 1007 3234 praecellerdissimo
1035 3159 1103 3231 filio

142 3257 349 3320 Aedilleereto¹⁵
363 3261 422 3334 repi
435 3257 600 3334 Aupleeum
616 3260 772 3334 Greyerius
784 3261 937 3332 episeopus.

187 3359 556 3434 Prupterlweomuipotens
566 3360 648 3418 Deus
659 3359 744 3418 bonus
754 3376 877 3432 qewsque
887 3357 926 3415 ud
929 3357 1101 3430 pupillorum
1120 3371 1243 3414 laturus

143 3459 291 3534 repimime
309 3459 449 3532 perducit,
474 3463 508 3516 ut
528 3477 584 3532 per
610 3475 655 3516 ees
682 3459 823 3530 omnibus,
851 3457 956 3529 quibus
975 3455 1104 3529 praelati
1120 3430 1258 3544 ffiffifl

135 3559 268 3630 suerint,
288 3558 364 3616 dene
376 3575 446 3618 suae
458 3558 579 3632 pietatis
597 3556 743 3632 impendat.
791 3554 873 3630 Quod
888 3556 921 3613 iu
936 3552 1102 3628 Amutrium
1120 3551 1170 3595 ⁶⁰¹·

181 3741 369 3806 ¹·eipistiM'.
436 3741 542 3805 'opera
555 3742 590 3792 M.
603 3741 643 3791 13¹.
709 3741 895 3790 'edilberieto
907 3740 939 3789 N.
1006 3739 1103 3790 ‘aedi-

144 3821 305 3880 berieloN3
321 3821 501 3870 aelilberehte
513 3822 748 3870 &demandatum
856 3818 949 3868 'adil
961 3816 1017 3879 11¹3
1033 3817 1103 3868 adil·

143 3903 225 3950 berto
237 3898 268 3949 Βι
278 3914 285 3954 ;
296 3900 399 3949 alberto
410 3899 443 3948 13²
453 3915 459 3960 3
470 3899 663 3950 aelilberhtoc
674 3916 681 3960 ;
692 3898 866 3948 aedilberieto
875 3897 907 3946 ll.

587 4002 636 4042 Η
