2859 4334
493 259 629 321 auctore
651 253 778 321 Boodo.
1048 254 1113 319 375

159 442 247 489 mese
267 426 374 487 crebre
392 426 654 505 peregrinationis
674 394 831 488 discursus
852 428 961 503 optimo
975 426 1110 505 conperi,

159 526 228 587 boec
252 524 398 585 uniuersa
425 526 522 596 didici,
553 527 585 585 et
613 524 703 585 uobis
729 523 894 585 salubriter
920 524 1114 587 obseruanda

29 630 54 673 ’.ι
79 643 100 674 a.
158 623 350 685 contradidi’
369 622 374 702 Ι
393 622 619 683 Bibliothecnm
648 643 742 700 quem
770 622 809 683 de
836 624 936 684 Roma
960 623 1113 684 nobilissi-

157 741 243 783 mam
272 720 577 798 copiosissimamque
603 721 778 797 aduexerat,
803 722 842 781 ad
870 721 1111 782 instructionem

156 818 319 879 eecclesiae
340 818 553 893 necessariam,
571 817 702 879 sollicite
721 818 838 879 seruari
854 819 1019 897 integram,
1038 818 1109 881 neo'

155 936 211 993 per
230 916 382 977 incuriam
404 915 510 992 fedari,
534 919 589 977 aut
606 915 745 993 passim²
762 916 926 994 dissipari⁸
944 919 1106 996 proecepit

156 1014 263 1075 Sedet
283 1014 341 1075 hoc
360 1013 487 1074 sedulus
506 1013 623 1074 eisdem
643 1014 763 1075 solebat
784 1014 895 1077 iterare
912 1016 1106 1091 mandatum,

155 1132 196 1173 ne
210 1112 281 1189 quis
294 1112 328 1171 in
343 1111 494 1172 electione
508 1111 637 1189 obbatis,
654 1112 777 1189 generis
795 1113 978 1191 prosapiam,
995 1117 1027 1174 et
1041 1133 1109 1175 non

154 1211 255 1289 magis
288 1210 417 1271 uiuendi
443 1210 637 1289 docendique
661 1212 848 1289 pmbitetem
881 1216 1006 1289 putaret
1040 1232 1108 1273 esse

153 1310 370 1387 quaerendem.
419 1309 477 1369 ‘Et
498 1310 592 1385 uere,’
608 1309 722 1386 inquit,
742 1312 749 1340 ⁴
769 1310 837 1370 dico
859 1310 1052 1388 uobisquia
1073 1310 1106 1371 in

153 1408 372 1485 conparatione
413 1408 547 1469 duorum
589 1408 753 1485 melorum,
794 1408 990 1470 tolerabilius
1025 1408 1107 1469 mihi

152 1506 278 1567 multo⁴
301 1509 349 1567 est
371 1509 475 1568 totum
498 1505 584 1565 hunc
610 1505 714 1567 locum
738 1507 773 1567 in
796 1528 859 1584 quo
880 1508 1107 1569 monesterium

152 1602 219 1680 leci,
250 1604 278 1665 si
304 1605 349 1665 sic
377 1604 562 1666 iudicauerit
585 1604 678 1680 Deus,
701 1604 737 1663 in
764 1605 968 1666 solitudinem
995 1605 1107 1683 sempi-

151 1706 275 1764 ternam
303 1704 409 1781 redigi,
434 1722 530 1782 quam
557 1706 593 1763 ut
614 1704 710 1763 freter
732 1723 823 1763 meus
844 1703 984 1779 carnalis,
1010 1724 1105 1781 quem

30 1809 77 1854 -i-
151 1801 299 1863 nouimus
321 1802 406 1863 uiam
430 1801 572 1863 ueritatis
598 1822 663 1862 non
691 1801 823 1880 ingredi,
844 1802 879 1863 in
907 1822 944 1863 eo
969 1802 1105 1879 regendo

18 1870 34 1912 ⁶'
150 1903 222 1979 post
242 1920 294 1961 me
314 1901 433 1962 abbetis
454 1900 583 1961 nomine
604 1900 754 1961 succedat
800 1900 948 1977 Ideoque·
965 1901 1104 1961 multum

150 2001 291 2060 cauetote
304 2000 414 2059 fratres
428 2018 559 2075 semper,
576 2018 617 2059 ne
633 1999 805 2059 secundum
826 2018 926 2077 genus
941 2018 1100 2075 umquam,

150 2098 210 2159 ne³
238 2097 353 2159 deforis
386 2096 521 2169 aliunde,
552 2097 642 2157 nobis
676 2100 797 2175 patrem
828 2097 989 2175 quaeretis
1041 2097 1103 2159 Sed

149 2196 237 2259 iuste
257 2196 339 2273 quod
361 2198 462 2273 regulo
482 2195 610 2273 megni⁸
623 2195 782 2272 quondam
802 2195 922 2257 abbatis
941 2197 1100 2271 Benedicti,

149 2295 238 2357 iuxta
260 2295 342 2373 quod
357 2296 512 2371 priuilepii
533 2294 632 2354 nostri
653 2297 804 2356 continent
824 2294 951 2369 decreta
975 2294 1010 2354 in
1030 2313 1103 2354 oon-

150 2396 249 2455 uentu
278 2396 400 2455 uestrae
430 2392 676 2471 congregationis
699 2392 861 2453 communi
885 2392 1015 2453 consilio
1039 2413 1103 2472 per·

149 2492 288 2571 quiretis,
317 2492 372 2570 qui
399 2492 572 2553 secundum
599 2494 678 2553 uitae
700 2492 850 2554 meritum
877 2496 910 2553 et
933 2491 1103 2568 sapientiae

149 2594 314 2653 doctr-mn
342 2590 464 2667 aptior⁷
487 2590 526 2651 ad
554 2589 616 2651 tale
639 2589 853 2651 ministerium
877 2590 1102 2669 perficiendum

148 2690 333 2771 digniorque
349 2689 504 2767 probetur,
521 2691 552 2749 et
566 2708 783 2767 quemcunque
803 2709 913 2749 omnes
932 2688 1102 2750 unanime⁸

148 2784 284 2847 caritatis
297 2783 500 2861 inquisitione
517 2782 672 2859 optimum
689 2784 910 2860 cognoscentes
925 2782 1079 2860 elegeritis
1092 2803 1100 2857 3

147 2882 233 2943 hunc
256 2882 345 2943 uobis
365 2882 461 2943 accito
483 2881 624 2958 episcopo
648 2881 763 2957 rogetis
784 2881 929 2942 abbatem
954 2882 1101 2940 consuete

146 2980 362 3041 benedictione
376 2978 502 3041 firmari
540 2978 569 3039 N
571 2998 623 3039 am
637 2978 691 3055 qui
705 2980 841 3055 carnali’
855 2978 958 3057 inquit
976 2978 1101 3040 ‘ordine

22 3102 28 3127 ι
77 3120 82 3128 .
146 3072 670 3153 camalesfiliosgenemntcarneli
679 3092 803 3133 necesse
821 3072 826 3153 Ι
844 3074 1099 3133 est⁹acterrenae

147 3193 221 3235 suae
235 3172 402 3233 hereditati
416 3170 555 3231 carnales
573 3174 774 3249 terrenosque
790 3174 940 3249 quaerent
953 3170 1099 3246 heredes;

145 3275 178 3332 at
199 3271 253 3348 qui
270 3270 424 3349 spiritales
445 3272 512 3331 Deo
528 3268 611 3329 filios
629 3268 762 3347 spiritali
780 3269 901 3330 semine
921 3269 1010 3329 uerbi
1029 3288 1099 3347 pro·

145 3372 260 3445 creent,
277 3368 427 3447 spiritalis
441 3370 562 3445 oportet
576 3367 641 3427 sint
654 3371 766 3428 cuncta
780 3387 858 3447 quse
871 3371 978 3445 agunt.
1010 3366 1100 3427 Inter

145 3467 303 3546 spiritales
330 3488 405 3529 suos
432 3466 546 3528 liberos
573 3485 646 3526 eum
681 3466 831 3527 maiorem
866 3465 920 3543 qui
954 3464 1099 3543 ampliori

145 3566 276 3647 spiritus
289 3567 387 3645 gratia
400 3566 442 3627 sit
455 3564 615 3645 praeditus
623 3564 798 3643 aestiment,
813 3563 968 3642 quomodo
982 3564 1098 3625 terreni

178 3745 324 3801 'nellSS.
407 3746 545 3810 ’spaseim
554 3745 583 3799 P.
666 3744 756 3799 'diss
769 3749 901 3811 possets.
1001 3743 1098 3793 ‘mul-

145 3826 249 3877 tumR
327 3828 437 3876 'neca
523 3826 647 3889 ‘magna
659 3824 704 3889 11,
784 3822 851 3875 ²·ra
862 3825 893 3875 Β.
976 3822 1097 3875 ¹·mi1).

146 3908 175 3959 P.
187 3908 216 3959 0.
230 3908 261 3959 B.
275 3909 304 3960 F.
380 3909 503 3959 'estem
516 3907 565 3970 112.
