<?xml version="1.0" encoding="UTF-8"?>
<!DOCTYPE html PUBLIC "-//W3C//DTD XHTML 1.0 Transitional//EN"
    "http://www.w3.org/TR/xhtml1/DTD/xhtml1-transitional.dtd">
<html xmlns="http://www.w3.org/1999/xhtml" xml:lang="en" lang="en">
 <head>
  <title>
</title>
<meta http-equiv="Content-Type" content="text/html;charset=utf-8" />
  <meta name='ocr-system' content='tesseract 3.04.00' />
  <meta name='ocr-capabilities' content='ocr_page ocr_carea ocr_par ocr_line ocrx_word'/>
</head>
<body>
  <div class='ocr_page' id='page_1' title='image "./venerabilisbaed03plumgoog_0599.png"; bbox 0 0 2859 4334; ppageno 0'>
   <div class='ocr_carea' id='block_1_1' title="bbox 436 208 1133 298">
    <p class='ocr_par' dir='ltr' id='par_1_1' title="bbox 436 208 1133 298">
     <span class='ocr_line' id='line_1_1' title="bbox 436 208 1133 298; baseline -0.001 -25"><span class='ocrx_word' id='word_1_1' title='bbox 436 208 637 296; x_wconf 73' lang='lat' dir='ltr'><strong>Ecgbertum</strong></span> <span class='ocrx_word' id='word_1_2' title='bbox 659 208 879 298; x_wconf 70' lang='lat' dir='ltr'><em>Episcopum.</em></span> <span class='ocrx_word' id='word_1_3' title='bbox 1067 210 1133 273; x_wconf 79' lang='lat'><strong>407</strong></span> 
     </span>
    </p>
   </div>
   <div class='ocr_carea' id='block_1_2' title="bbox 22 368 1275 3519">
    <p class='ocr_par' dir='ltr' id='par_1_2' title="bbox 179 368 1133 853">
     <span class='ocr_line' id='line_1_2' title="bbox 181 368 1133 462; baseline 0.001 -20"><span class='ocrx_word' id='word_1_4' title='bbox 181 384 238 457; x_wconf 87' lang='lat' dir='ltr'><strong>est,</strong></span> <span class='ocrx_word' id='word_1_5' title='bbox 269 403 355 445; x_wconf 91' lang='lat' dir='ltr'><strong>nuno</strong></span> <span class='ocrx_word' id='word_1_6' title='bbox 387 386 515 462; x_wconf 90' lang='lat' dir='ltr'><strong>quidem</strong></span> <span class='ocrx_word' id='word_1_7' title='bbox 535 368 665 447; x_wconf 63' lang='lat' dir='ltr'><strong>&#39;eisdem</strong></span> <span class='ocrx_word' id='word_1_8' title='bbox 700 384 902 446; x_wconf 87' lang='lat' dir='ltr'><strong>conficiendis</strong></span> <span class='ocrx_word' id='word_1_9' title='bbox 932 383 1133 445; x_wconf 71' lang='lat' dir='ltr'><strong>sacramentis</strong></span> 
     </span>
     <span class='ocr_line' id='line_1_3' title="bbox 182 478 1131 563; baseline 0.004 -23"><span class='ocrx_word' id='word_1_10' title='bbox 182 478 319 542; x_wconf 91' lang='lat' dir='ltr'><strong>Domino</strong></span> <span class='ocrx_word' id='word_1_11' title='bbox 331 483 538 545; x_wconf 78' lang='lat' dir='ltr'><strong>famulaturus</strong></span> <span class='ocrx_word' id='word_1_12' title='bbox 556 484 688 560; x_wconf 74' lang='lat' dir='ltr'><strong>assistat,</strong></span> <span class='ocrx_word' id='word_1_13' title='bbox 706 504 791 545; x_wconf 90' lang='lat' dir='ltr'><strong>nunc</strong></span> <span class='ocrx_word' id='word_1_14' title='bbox 809 502 950 563; x_wconf 86' lang='lat' dir='ltr'><strong>egressus</strong></span> <span class='ocrx_word' id='word_1_15' title='bbox 970 482 1131 544; x_wconf 84' lang='lat' dir='ltr'><strong>ecclesiam</strong></span> 
     </span>
     <span class='ocr_line' id='line_1_4' title="bbox 180 573 1131 657; baseline 0.003 -23"><span class='ocrx_word' id='word_1_16' title='bbox 180 573 250 652; x_wconf 85' lang='lat' dir='ltr'><strong>ipso</strong></span> <span class='ocrx_word' id='word_1_17' title='bbox 275 596 335 649; x_wconf 90' lang='lat' dir='ltr'><strong>ore,</strong></span> <span class='ocrx_word' id='word_1_18' title='bbox 363 577 488 657; x_wconf 84' lang='lat' dir='ltr'><strong>eisque¹</strong></span> <span class='ocrx_word' id='word_1_19' title='bbox 513 579 666 655; x_wconf 87' lang='lat' dir='ltr'><strong>manibus,</strong></span> <span class='ocrx_word' id='word_1_20' title='bbox 691 580 806 657; x_wconf 90' lang='lat' dir='ltr'><strong>quibus</strong></span> <span class='ocrx_word' id='word_1_21' title='bbox 833 578 925 656; x_wconf 90' lang='lat' dir='ltr'><strong>paulo</strong></span> <span class='ocrx_word' id='word_1_22' title='bbox 946 579 1021 638; x_wconf 87' lang='lat' dir='ltr'><strong>ante</strong></span> <span class='ocrx_word' id='word_1_23' title='bbox 1044 596 1131 637; x_wconf 86' lang='lat' dir='ltr'><strong>sacra</strong></span> 
     </span>
     <span class='ocr_line' id='line_1_5' title="bbox 180 674 1129 756; baseline 0.004 -23"><span class='ocrx_word' id='word_1_24' title='bbox 180 676 373 753; x_wconf 84' lang='lat' dir='ltr'><strong>tractsuerat,</strong></span> <span class='ocrx_word' id='word_1_25' title='bbox 390 680 518 756; x_wconf 88' lang='lat' dir='ltr'><strong>repente</strong></span> <span class='ocrx_word' id='word_1_26' title='bbox 530 677 643 739; x_wconf 81' lang='lat' dir='ltr'><strong>friuola</strong></span> <span class='ocrx_word' id='word_1_27' title='bbox 660 677 748 755; x_wconf 86' lang='lat' dir='ltr'><strong>loqui</strong></span> <span class='ocrx_word' id='word_1_28' title='bbox 764 677 817 737; x_wconf 90' lang='lat' dir='ltr'><strong>uel</strong></span> <span class='ocrx_word' id='word_1_29' title='bbox 831 696 920 756; x_wconf 87' lang='lat' dir='ltr'><strong>agere</strong></span> <span class='ocrx_word' id='word_1_30' title='bbox 936 674 1129 737; x_wconf 83' lang='lat' dir='ltr'><strong>Dominum¹</strong></span> 
     </span>
     <span class='ocr_line' id='line_1_6' title="bbox 179 773 524 853; baseline 0.02 -22"><span class='ocrx_word' id='word_1_31' title='bbox 179 773 357 835; x_wconf 86' lang='lat' dir='ltr'><strong>offensurus</strong></span> <span class='ocrx_word' id='word_1_32' title='bbox 367 775 497 853; x_wconf 89' lang='lat' dir='ltr'><strong>incipiat</strong></span> <span class='ocrx_word' id='word_1_33' title='bbox 505 778 524 838; x_wconf 80' lang='lat'><strong>³.</strong></span> 
     </span>
    </p>

    <p class='ocr_par' dir='ltr' id='par_1_3' title="bbox 175 873 1275 1740">
     <span class='ocr_line' id='line_1_7' title="bbox 221 873 1275 952; baseline -0.002 -19"><span class='ocrx_word' id='word_1_34' title='bbox 221 892 248 944; x_wconf 87' lang='lat'><strong>4.</strong></span> <span class='ocrx_word' id='word_1_35' title='bbox 271 874 325 933; x_wconf 84' lang='lat' dir='ltr'><strong>Ad</strong></span> <span class='ocrx_word' id='word_1_36' title='bbox 339 874 573 937; x_wconf 86' lang='lat' dir='ltr'><strong>custodiendam</strong></span> <span class='ocrx_word' id='word_1_37' title='bbox 592 878 685 935; x_wconf 87' lang='lat' dir='ltr'><strong>uero⁴</strong></span> <span class='ocrx_word' id='word_1_38' title='bbox 699 874 826 952; x_wconf 87' lang='lat' dir='ltr'><strong>liuguae</strong></span> <span class='ocrx_word' id='word_1_39' title='bbox 845 873 896 934; x_wconf 93' lang='lat' dir='ltr'><strong>uel</strong></span> <span class='ocrx_word' id='word_1_40' title='bbox 915 874 1018 950; x_wconf 90' lang='lat' dir='ltr'><strong>operis</strong></span> <span class='ocrx_word' id='word_1_41' title='bbox 1034 892 1128 933; x_wconf 91' lang='lat' dir='ltr'><strong>mun-</strong></span> <span class='ocrx_word' id='word_1_42' title='bbox 1144 886 1275 933; x_wconf 68' lang='lat' dir='ltr'><strong>choicum</strong></span> 
     </span>
     <span class='ocr_line' id='line_1_8' title="bbox 178 960 1275 1049; baseline 0.003 -19"><span class='ocrx_word' id='word_1_43' title='bbox 178 969 297 1047; x_wconf 88' lang='lat' dir='ltr'><strong>ditiam,</strong></span> <span class='ocrx_word' id='word_1_44' title='bbox 315 991 387 1032; x_wconf 89' lang='lat' dir='ltr'><strong>cum</strong></span> <span class='ocrx_word' id='word_1_45' title='bbox 406 972 539 1034; x_wconf 89' lang='lat' dir='ltr'><strong>lectione</strong></span> <span class='ocrx_word' id='word_1_46' title='bbox 558 973 673 1048; x_wconf 86' lang='lat' dir='ltr'><strong>diuina,</strong></span> <span class='ocrx_word' id='word_1_47' title='bbox 691 972 788 1034; x_wconf 88' lang='lat' dir='ltr'><strong>etiam</strong></span> <span class='ocrx_word' id='word_1_48' title='bbox 804 972 933 1033; x_wconf 85' lang='lat' dir='ltr'><strong>societas</strong></span> <span class='ocrx_word' id='word_1_49' title='bbox 951 991 1058 1033; x_wconf 84' lang='lat' dir='ltr'><strong>eornm</strong></span> <span class='ocrx_word' id='word_1_50' title='bbox 1072 972 1128 1049; x_wconf 85' lang='lat' dir='ltr'><strong>qui</strong></span> <span class='ocrx_word' id='word_1_51' title='bbox 1144 960 1275 1003; x_wconf 78' lang='lat' dir='ltr'><strong>company.</strong></span> 
     </span>
     <span class='ocr_line' id='line_1_9' title="bbox 177 1068 1124 1149; baseline 0.003 -20"><span class='ocrx_word' id='word_1_52' title='bbox 177 1068 302 1129; x_wconf 78' lang='lat' dir='ltr'><strong>Christo</strong></span> <span class='ocrx_word' id='word_1_53' title='bbox 315 1070 402 1132; x_wconf 90' lang='lat' dir='ltr'><strong>fideli</strong></span> <span class='ocrx_word' id='word_1_54' title='bbox 420 1071 586 1133; x_wconf 90' lang='lat' dir='ltr'><strong>deuotione</strong></span> <span class='ocrx_word' id='word_1_55' title='bbox 604 1072 799 1132; x_wconf 79' lang='lat' dir='ltr'><strong>famulentur</strong></span> <span class='ocrx_word' id='word_1_56' title='bbox 806 1073 826 1143; x_wconf 82' lang='lat'><strong>⁵,</strong></span> <span class='ocrx_word' id='word_1_57' title='bbox 840 1070 1014 1149; x_wconf 90' lang='lat' dir='ltr'><strong>plurimum</strong></span> <span class='ocrx_word' id='word_1_58' title='bbox 1028 1070 1124 1132; x_wconf 83' lang='lat' dir='ltr'><strong>iuuat.</strong></span> 
     </span>
     <span class='ocr_line' id='line_1_10' title="bbox 178 1166 1127 1248; baseline 0.003 -21"><span class='ocrx_word' id='word_1_59' title='bbox 178 1166 224 1227; x_wconf 89' lang='lat' dir='ltr'><strong>Ut</strong></span> <span class='ocrx_word' id='word_1_60' title='bbox 244 1167 273 1227; x_wconf 94' lang='lat' dir='ltr'><strong>si</strong></span> <span class='ocrx_word' id='word_1_61' title='bbox 294 1170 418 1246; x_wconf 91' lang='lat' dir='ltr'><strong>quando</strong></span> <span class='ocrx_word' id='word_1_62' title='bbox 439 1169 491 1231; x_wconf 92' lang='lat' dir='ltr'><strong>uel</strong></span> <span class='ocrx_word' id='word_1_63' title='bbox 512 1170 619 1248; x_wconf 86' lang='lat' dir='ltr'><strong>lingua</strong></span> <span class='ocrx_word' id='word_1_64' title='bbox 639 1170 788 1246; x_wconf 88' lang='lat' dir='ltr'><strong>lasciuire,</strong></span> <span class='ocrx_word' id='word_1_65' title='bbox 805 1169 857 1229; x_wconf 93' lang='lat' dir='ltr'><strong>uel</strong></span> <span class='ocrx_word' id='word_1_66' title='bbox 876 1169 1012 1247; x_wconf 90' lang='lat' dir='ltr'><strong>operatio</strong></span> <span class='ocrx_word' id='word_1_67' title='bbox 1030 1189 1127 1247; x_wconf 88' lang='lat' dir='ltr'><strong>praua</strong></span> 
     </span>
     <span class='ocr_line' id='line_1_11' title="bbox 177 1265 1126 1346; baseline 0.002 -19"><span class='ocrx_word' id='word_1_68' title='bbox 177 1265 276 1327; x_wconf 79' lang='lat' dir='ltr'><strong>mihi⁸</strong></span> <span class='ocrx_word' id='word_1_69' title='bbox 302 1267 486 1345; x_wconf 73' lang='lat' dir='ltr'><strong>subreperel</strong></span> <span class='ocrx_word' id='word_1_70' title='bbox 514 1268 655 1346; x_wconf 85' lang='lat' dir='ltr'><strong>caeperit,</strong></span> <span class='ocrx_word' id='word_1_71' title='bbox 686 1288 761 1328; x_wconf 84' lang='lat' dir='ltr'><strong>mox</strong></span> <span class='ocrx_word' id='word_1_72' title='bbox 794 1267 947 1329; x_wconf 88' lang='lat' dir='ltr'><strong>sociorum</strong></span> <span class='ocrx_word' id='word_1_73' title='bbox 982 1267 1126 1329; x_wconf 90' lang='lat' dir='ltr'><strong>fidelium</strong></span> 
     </span>
     <span class='ocr_line' id='line_1_12' title="bbox 177 1366 1190 1442; baseline 0 -17"><span class='ocrx_word' id='word_1_74' title='bbox 177 1384 271 1426; x_wconf 89' lang='lat' dir='ltr'><strong>manu</strong></span> <span class='ocrx_word' id='word_1_75' title='bbox 286 1386 326 1426; x_wconf 92' lang='lat' dir='ltr'><strong>ne</strong></span> <span class='ocrx_word' id='word_1_76' title='bbox 339 1368 446 1427; x_wconf 82' lang='lat' dir='ltr'><strong>eadere</strong></span> <span class='ocrx_word' id='word_1_77' title='bbox 465 1367 586 1428; x_wconf 90' lang='lat' dir='ltr'><strong>ualeam</strong></span> <span class='ocrx_word' id='word_1_78' title='bbox 608 1370 766 1428; x_wconf 88' lang='lat' dir='ltr'><strong>sustenter</strong></span> <span class='ocrx_word' id='word_1_79' title='bbox 774 1366 792 1428; x_wconf 81' lang='lat'><strong>⁸.</strong></span> <span class='ocrx_word' id='word_1_80' title='bbox 837 1366 926 1442; x_wconf 84' lang='lat' dir='ltr'><strong>Quod</strong></span> <span class='ocrx_word' id='word_1_81' title='bbox 940 1385 1013 1426; x_wconf 89' lang='lat' dir='ltr'><strong>cum</strong></span> <span class='ocrx_word' id='word_1_82' title='bbox 1026 1366 1126 1426; x_wconf 90' lang='lat' dir='ltr'><strong>omni·</strong></span> <span class='ocrx_word' id='word_1_83' title='bbox 1181 1378 1190 1402; x_wconf 88' lang='lat'><strong>·</strong></span> 
     </span>
     <span class='ocr_line' id='line_1_13' title="bbox 176 1462 1124 1543; baseline 0.002 -20"><span class='ocrx_word' id='word_1_84' title='bbox 176 1462 235 1523; x_wconf 90' lang='lat' dir='ltr'><strong>bus</strong></span> <span class='ocrx_word' id='word_1_85' title='bbox 248 1464 308 1524; x_wconf 92' lang='lat' dir='ltr'><strong>Dei</strong></span> <span class='ocrx_word' id='word_1_86' title='bbox 325 1464 453 1526; x_wconf 84' lang='lat' dir='ltr'><strong>famulis</strong></span> <span class='ocrx_word' id='word_1_87' title='bbox 474 1466 601 1527; x_wconf 89' lang='lat' dir='ltr'><strong>sibimet</strong></span> <span class='ocrx_word' id='word_1_88' title='bbox 621 1466 666 1526; x_wconf 83' lang='lat' dir='ltr'><strong>its</strong></span> <span class='ocrx_word' id='word_1_89' title='bbox 684 1465 857 1543; x_wconf 84' lang='lat' dir='ltr'><strong>prospicere</strong></span> <span class='ocrx_word' id='word_1_90' title='bbox 877 1464 1051 1525; x_wconf 90' lang='lat' dir='ltr'><strong>utillimum</strong></span> <span class='ocrx_word' id='word_1_91' title='bbox 1073 1465 1124 1536; x_wconf 86' lang='lat' dir='ltr'><strong>eit,</strong></span> 
     </span>
     <span class='ocr_line' id='line_1_14' title="bbox 175 1562 1124 1643; baseline 0.002 -22"><span class='ocrx_word' id='word_1_92' title='bbox 175 1565 293 1638; x_wconf 83' lang='lat' dir='ltr'><strong>quanto</strong></span> <span class='ocrx_word' id='word_1_93' title='bbox 307 1562 407 1641; x_wconf 91' lang='lat' dir='ltr'><strong>magis</strong></span> <span class='ocrx_word' id='word_1_94' title='bbox 420 1563 468 1623; x_wconf 90' lang='lat' dir='ltr'><strong>illi</strong></span> <span class='ocrx_word' id='word_1_95' title='bbox 484 1564 602 1643; x_wconf 84' lang='lat' dir='ltr'><strong>gradui,</strong></span> <span class='ocrx_word' id='word_1_96' title='bbox 620 1564 675 1642; x_wconf 92' lang='lat' dir='ltr'><strong>qui</strong></span> <span class='ocrx_word' id='word_1_97' title='bbox 692 1584 758 1624; x_wconf 91' lang='lat' dir='ltr'><strong>non</strong></span> <span class='ocrx_word' id='word_1_98' title='bbox 776 1564 891 1624; x_wconf 80' lang='lat' dir='ltr'><strong>suimet</strong></span> <span class='ocrx_word' id='word_1_99' title='bbox 904 1564 1124 1624; x_wconf 88' lang='lat' dir='ltr'><strong>tantummodo</strong></span> 
     </span>
     <span class='ocr_line' id='line_1_15' title="bbox 175 1661 1124 1740; baseline 0.004 -21"><span class='ocrx_word' id='word_1_100' title='bbox 175 1678 279 1720; x_wconf 90' lang='lat' dir='ltr'><strong>curam</strong></span> <span class='ocrx_word' id='word_1_101' title='bbox 294 1681 393 1739; x_wconf 88' lang='lat' dir='ltr'><strong>agere,</strong></span> <span class='ocrx_word' id='word_1_102' title='bbox 410 1662 571 1723; x_wconf 91' lang='lat' dir='ltr'><strong>sedetiam</strong></span> <span class='ocrx_word' id='word_1_103' title='bbox 586 1682 657 1740; x_wconf 87' lang='lat' dir='ltr'><strong>erga</strong></span> <span class='ocrx_word' id='word_1_104' title='bbox 670 1662 870 1723; x_wconf 89' lang='lat' dir='ltr'><strong>commissam</strong></span> <span class='ocrx_word' id='word_1_105' title='bbox 887 1661 949 1723; x_wconf 87' lang='lat' dir='ltr'><strong>sibi</strong></span> <span class='ocrx_word' id='word_1_106' title='bbox 963 1661 1124 1723; x_wconf 85' lang='lat' dir='ltr'><strong>ecclesiam</strong></span> 
     </span>
    </p>

    <p class='ocr_par' dir='ltr' id='par_1_4' title="bbox 22 1759 1125 2629">
     <span class='ocr_line' id='line_1_16' title="bbox 46 1759 1125 1841; baseline 0.001 -18"><span class='ocrx_word' id='word_1_107' title='bbox 46 1780 106 1823; x_wconf 64' lang='grc' dir='ltr'><strong>φα</strong></span> <span class='ocrx_word' id='word_1_108' title='bbox 175 1778 299 1819; x_wconf 87' lang='lat' dir='ltr'><strong>necesse</strong></span> <span class='ocrx_word' id='word_1_109' title='bbox 327 1761 421 1821; x_wconf 88' lang='lat' dir='ltr'><strong>habet</strong></span> <span class='ocrx_word' id='word_1_110' title='bbox 448 1763 588 1823; x_wconf 88' lang='lat' dir='ltr'><strong>studium</strong></span> <span class='ocrx_word' id='word_1_111' title='bbox 623 1762 735 1823; x_wconf 86' lang='lat' dir='ltr'><strong>salutis</strong></span> <span class='ocrx_word' id='word_1_112' title='bbox 767 1761 974 1839; x_wconf 79' lang='lat' dir='ltr'><strong>impendere?</strong></span> <span class='ocrx_word' id='word_1_113' title='bbox 1003 1759 1008 1841; x_wconf 93' lang='grc' dir='ltr'>Ι</span> <span class='ocrx_word' id='word_1_114' title='bbox 1036 1762 1125 1824; x_wconf 83' lang='lat' dir='ltr'><strong>iuxta</strong></span> 
     </span>
     <span class='ocr_line' id='line_1_17' title="bbox 22 1858 1119 1939; baseline 0.009 -28"><span class='ocrx_word' id='word_1_115' title='bbox 22 1866 144 1915; x_wconf 63' lang='lat' dir='ltr'><strong>,coms</strong></span> <span class='ocrx_word' id='word_1_116' title='bbox 174 1858 268 1919; x_wconf 89' lang='lat' dir='ltr'><strong>illum</strong></span> <span class='ocrx_word' id='word_1_117' title='bbox 290 1860 346 1937; x_wconf 90' lang='lat' dir='ltr'><strong>qui</strong></span> <span class='ocrx_word' id='word_1_118' title='bbox 367 1860 443 1921; x_wconf 91' lang='lat' dir='ltr'><strong>dicit</strong></span> <span class='ocrx_word' id='word_1_119' title='bbox 452 1862 470 1937; x_wconf 77' lang='lat'><strong>⁹,</strong></span> <span class='ocrx_word' id='word_1_120' title='bbox 499 1862 692 1939; x_wconf 82' lang='lat' dir='ltr'><strong>‘praeterea</strong></span> <span class='ocrx_word' id='word_1_121' title='bbox 716 1880 795 1939; x_wconf 90' lang='lat' dir='ltr'><strong>quae</strong></span> <span class='ocrx_word' id='word_1_122' title='bbox 819 1861 1013 1921; x_wconf 88' lang='lat' dir='ltr'><strong>extrinsecus</strong></span> <span class='ocrx_word' id='word_1_123' title='bbox 1034 1864 1119 1936; x_wconf 87' lang='lat' dir='ltr'><strong>suut,</strong></span> 
     </span>
     <span class='ocr_line' id='line_1_18' title="bbox 35 1928 1122 2035; baseline 0.002 -18"><span class='ocrx_word' id='word_1_124' title='bbox 35 1928 95 1985; x_wconf 52' lang='grc' dir='ltr'>Μ</span> <span class='ocrx_word' id='word_1_125' title='bbox 174 1956 324 2019; x_wconf 86' lang='lat' dir='ltr'><strong>instantia</strong></span> <span class='ocrx_word' id='word_1_126' title='bbox 344 1978 415 2020; x_wconf 88' lang='lat' dir='ltr'><strong>mea</strong></span> <span class='ocrx_word' id='word_1_127' title='bbox 435 1960 595 2035; x_wconf 82' lang='lat' dir='ltr'><strong>cotidiana,</strong></span> <span class='ocrx_word' id='word_1_128' title='bbox 616 1960 795 2021; x_wconf 88' lang='lat' dir='ltr'><strong>sollicitudo</strong></span> <span class='ocrx_word' id='word_1_129' title='bbox 816 1959 961 2020; x_wconf 91' lang='lat' dir='ltr'><strong>omnium</strong></span> <span class='ocrx_word' id='word_1_130' title='bbox 982 1959 1122 2019; x_wconf 83' lang='lat' dir='ltr'><strong>eeclesia·</strong></span> 
     </span>
     <span class='ocr_line' id='line_1_19' title="bbox 171 2057 1121 2136; baseline 0.003 -21"><span class='ocrx_word' id='word_1_131' title='bbox 171 2074 252 2116; x_wconf 85' lang='lat' dir='ltr'><strong>rum.</strong></span> <span class='ocrx_word' id='word_1_132' title='bbox 298 2057 375 2132; x_wconf 77' lang='lat' dir='ltr'><strong>Quis</strong></span> <span class='ocrx_word' id='word_1_133' title='bbox 395 2058 582 2133; x_wconf 86' lang='lat' dir='ltr'><strong>infirmatur,</strong></span> <span class='ocrx_word' id='word_1_134' title='bbox 608 2062 640 2119; x_wconf 89' lang='lat' dir='ltr'><strong>et</strong></span> <span class='ocrx_word' id='word_1_135' title='bbox 662 2078 719 2136; x_wconf 86' lang='lat' dir='ltr'><strong>ego</strong></span> <span class='ocrx_word' id='word_1_136' title='bbox 740 2078 806 2118; x_wconf 90' lang='lat' dir='ltr'><strong>nou</strong></span> <span class='ocrx_word' id='word_1_137' title='bbox 833 2057 1002 2117; x_wconf 82' lang='lat' dir='ltr'><strong>infirmor?</strong></span> <span class='ocrx_word' id='word_1_138' title='bbox 1043 2057 1121 2133; x_wconf 83' lang='lat' dir='ltr'><strong>Quis</strong></span> 
     </span>
     <span class='ocr_line' id='line_1_20' title="bbox 169 2154 1118 2236; baseline 0.002 -22"><span class='ocrx_word' id='word_1_139' title='bbox 169 2154 401 2231; x_wconf 82' lang='lat' dir='ltr'><strong>scandalizetur,</strong></span> <span class='ocrx_word' id='word_1_140' title='bbox 417 2160 450 2217; x_wconf 89' lang='lat' dir='ltr'><strong>et</strong></span> <span class='ocrx_word' id='word_1_141' title='bbox 464 2177 520 2236; x_wconf 92' lang='lat' dir='ltr'><strong>ego</strong></span> <span class='ocrx_word' id='word_1_142' title='bbox 534 2178 600 2218; x_wconf 91' lang='lat' dir='ltr'><strong>non</strong></span> <span class='ocrx_word' id='word_1_143' title='bbox 614 2158 725 2218; x_wconf 79' lang='lat' dir='ltr'><strong>urort&#39;</strong></span> <span class='ocrx_word' id='word_1_144' title='bbox 760 2157 849 2233; x_wconf 84' lang='lat' dir='ltr'><strong>Quod</strong></span> <span class='ocrx_word' id='word_1_145' title='bbox 863 2176 928 2217; x_wconf 92' lang='lat' dir='ltr'><strong>non</strong></span> <span class='ocrx_word' id='word_1_146' title='bbox 942 2156 986 2217; x_wconf 83' lang='lat' dir='ltr'><strong>ita</strong></span> <span class='ocrx_word' id='word_1_147' title='bbox 1000 2156 1118 2233; x_wconf 87' lang='lat' dir='ltr'><strong>loquor,</strong></span> 
     </span>
     <span class='ocr_line' id='line_1_21' title="bbox 170 2252 1121 2333; baseline 0.005 -21"><span class='ocrx_word' id='word_1_148' title='bbox 170 2252 312 2330; x_wconf 83' lang='lat' dir='ltr'><strong>quesite</strong></span> <span class='ocrx_word' id='word_1_149' title='bbox 335 2254 427 2315; x_wconf 87' lang='lat' dir='ltr'><strong>aliter</strong></span> <span class='ocrx_word' id='word_1_150' title='bbox 446 2256 546 2317; x_wconf 89' lang='lat' dir='ltr'><strong>facere</strong></span> <span class='ocrx_word' id='word_1_151' title='bbox 569 2256 674 2332; x_wconf 86' lang='lat' dir='ltr'><strong>sciam,</strong></span> <span class='ocrx_word' id='word_1_152' title='bbox 700 2257 755 2317; x_wconf 87' lang='lat' dir='ltr'><strong>sed</strong></span> <span class='ocrx_word' id='word_1_153' title='bbox 778 2256 912 2333; x_wconf 88' lang='lat' dir='ltr'><strong>quiade</strong></span> <span class='ocrx_word' id='word_1_154' title='bbox 934 2254 1121 2332; x_wconf 86' lang='lat' dir='ltr'><strong>quibusdam</strong></span> 
     </span>
     <span class='ocr_line' id='line_1_22' title="bbox 170 2351 1119 2433; baseline 0.003 -22"><span class='ocrx_word' id='word_1_155' title='bbox 170 2351 322 2429; x_wconf 85' lang='lat' dir='ltr'><strong>episcopis</strong></span> <span class='ocrx_word' id='word_1_156' title='bbox 342 2354 426 2415; x_wconf 82' lang='lat' dir='ltr'><strong>fama</strong></span> <span class='ocrx_word' id='word_1_157' title='bbox 447 2355 612 2433; x_wconf 88' lang='lat' dir='ltr'><strong>uulgatum</strong></span> <span class='ocrx_word' id='word_1_158' title='bbox 634 2357 691 2430; x_wconf 84' lang='lat' dir='ltr'><strong>est,</strong></span> <span class='ocrx_word' id='word_1_159' title='bbox 708 2355 792 2433; x_wconf 91' lang='lat' dir='ltr'><strong>quod</strong></span> <span class='ocrx_word' id='word_1_160' title='bbox 816 2354 861 2414; x_wconf 89' lang='lat' dir='ltr'><strong>ita</strong></span> <span class='ocrx_word' id='word_1_161' title='bbox 882 2353 944 2431; x_wconf 89' lang='lat' dir='ltr'><strong>ipsi</strong></span> <span class='ocrx_word' id='word_1_162' title='bbox 952 2353 974 2385; x_wconf 88' lang='lat'><strong>¹⁰</strong></span> <span class='ocrx_word' id='word_1_163' title='bbox 992 2354 1119 2415; x_wconf 80' lang='lat' dir='ltr'><strong>Christo</strong></span> 
     </span>
     <span class='ocr_line' id='line_1_23' title="bbox 168 2450 1119 2531; baseline 0.001 -20"><span class='ocrx_word' id='word_1_164' title='bbox 168 2450 316 2527; x_wconf 77' lang='lat' dir='ltr'><strong>esuriant,</strong></span> <span class='ocrx_word' id='word_1_165' title='bbox 339 2454 375 2513; x_wconf 92' lang='lat' dir='ltr'><strong>ut</strong></span> <span class='ocrx_word' id='word_1_166' title='bbox 392 2452 497 2514; x_wconf 90' lang='lat' dir='ltr'><strong>nullos</strong></span> <span class='ocrx_word' id='word_1_167' title='bbox 513 2474 619 2515; x_wconf 87' lang='lat' dir='ltr'><strong>secum</strong></span> <span class='ocrx_word' id='word_1_168' title='bbox 642 2454 773 2514; x_wconf 87' lang='lat' dir='ltr'><strong>alicuius</strong></span> <span class='ocrx_word' id='word_1_169' title='bbox 790 2452 952 2531; x_wconf 81' lang='lat' dir='ltr'><strong>religionis</strong></span> <span class='ocrx_word' id='word_1_170' title='bbox 971 2455 1025 2513; x_wconf 89' lang='lat' dir='ltr'><strong>aut</strong></span> <span class='ocrx_word' id='word_1_171' title='bbox 1046 2472 1119 2513; x_wconf 91' lang='lat' dir='ltr'><strong>con·</strong></span> 
     </span>
     <span class='ocr_line' id='line_1_24' title="bbox 167 2549 1117 2629; baseline 0.003 -21"><span class='ocrx_word' id='word_1_172' title='bbox 167 2549 318 2611; x_wconf 73' lang='lat' dir='ltr'><strong>tinentiae</strong></span> <span class='ocrx_word' id='word_1_173' title='bbox 340 2550 426 2613; x_wconf 90' lang='lat' dir='ltr'><strong>uiros</strong></span> <span class='ocrx_word' id='word_1_174' title='bbox 447 2551 602 2627; x_wconf 78' lang='lat' dir='ltr'><strong>habeant3</strong></span> <span class='ocrx_word' id='word_1_175' title='bbox 623 2554 678 2613; x_wconf 86' lang='lat' dir='ltr'><strong>sed</strong></span> <span class='ocrx_word' id='word_1_176' title='bbox 697 2552 801 2629; x_wconf 87' lang='lat' dir='ltr'><strong>potius</strong></span> <span class='ocrx_word' id='word_1_177' title='bbox 821 2549 931 2626; x_wconf 87' lang='lat' dir='ltr'><strong>illos¹&#39;,</strong></span> <span class='ocrx_word' id='word_1_178' title='bbox 954 2551 1010 2629; x_wconf 85' lang='lat' dir='ltr'><strong>qui</strong></span> <span class='ocrx_word' id='word_1_179' title='bbox 1031 2550 1117 2628; x_wconf 82' lang='lat' dir='ltr'><strong>risui,</strong></span> 
     </span>
    </p>

    <p class='ocr_par' dir='ltr' id='par_1_5' title="bbox 167 2646 1119 2727">
     <span class='ocr_line' id='line_1_25' title="bbox 167 2646 1119 2727; baseline 0.003 -19"><span class='ocrx_word' id='word_1_180' title='bbox 167 2646 251 2723; x_wconf 88' lang='lat' dir='ltr'><strong>iocis,</strong></span> <span class='ocrx_word' id='word_1_181' title='bbox 267 2649 391 2727; x_wconf 79' lang='lat' dir='ltr'><strong>fabulis,</strong></span> <span class='ocrx_word' id='word_1_182' title='bbox 409 2650 746 2714; x_wconf 83' lang='lat' dir='ltr'><strong>commessationibus¹¹</strong></span> <span class='ocrx_word' id='word_1_183' title='bbox 763 2656 795 2713; x_wconf 92' lang='lat' dir='ltr'><strong>et</strong></span> <span class='ocrx_word' id='word_1_184' title='bbox 815 2651 1026 2724; x_wconf 77' lang='lat' dir='ltr'><strong>ebrietatibus,</strong></span> <span class='ocrx_word' id='word_1_185' title='bbox 1043 2652 1119 2711; x_wconf 76' lang='lat' dir='ltr'><strong>cete</strong></span> 
     </span>
    </p>

    <p class='ocr_par' dir='ltr' id='par_1_6' title="bbox 166 2747 1119 2827">
     <span class='ocr_line' id='line_1_26' title="bbox 166 2747 1119 2827; baseline 0.003 -20"><span class='ocrx_word' id='word_1_186' title='bbox 166 2747 272 2826; x_wconf 82' lang='lat' dir='ltr'><strong>risque</strong></span> <span class='ocrx_word' id='word_1_187' title='bbox 286 2748 369 2809; x_wconf 86' lang='lat' dir='ltr'><strong>uitae</strong></span> <span class='ocrx_word' id='word_1_188' title='bbox 377 2751 564 2813; x_wconf 87' lang='lat' dir='ltr'><strong>remissioris</strong></span> <span class='ocrx_word' id='word_1_189' title='bbox 575 2752 596 2785; x_wconf 80' lang='lat'><strong>¹⁸</strong></span> <span class='ocrx_word' id='word_1_190' title='bbox 610 2750 765 2811; x_wconf 81' lang='lat' dir='ltr'><strong>illecebris</strong></span> <span class='ocrx_word' id='word_1_191' title='bbox 779 2750 966 2827; x_wconf 83' lang='lat' dir='ltr'><strong>subigantur</strong></span> <span class='ocrx_word' id='word_1_192' title='bbox 975 2749 1003 2825; x_wconf 83' lang='lat'><strong>¹⁴,</strong></span> <span class='ocrx_word' id='word_1_193' title='bbox 1018 2753 1048 2810; x_wconf 89' lang='lat' dir='ltr'><strong>et</strong></span> <span class='ocrx_word' id='word_1_194' title='bbox 1064 2752 1119 2827; x_wconf 89' lang='lat' dir='ltr'><strong>qui</strong></span> 
     </span>
    </p>

    <p class='ocr_par' dir='ltr' id='par_1_7' title="bbox 166 2847 1118 3023">
     <span class='ocr_line' id='line_1_27' title="bbox 166 2847 1118 2927; baseline 0.002 -20"><span class='ocrx_word' id='word_1_195' title='bbox 166 2847 268 2925; x_wconf 88' lang='lat' dir='ltr'><strong>magis</strong></span> <span class='ocrx_word' id='word_1_196' title='bbox 275 2847 387 2909; x_wconf 92' lang='lat' dir='ltr'><strong>cotidie</strong></span> <span class='ocrx_word' id='word_1_197' title='bbox 396 2853 540 2910; x_wconf 89' lang='lat' dir='ltr'><strong>uentrem</strong></span> <span class='ocrx_word' id='word_1_198' title='bbox 554 2850 693 2927; x_wconf 86' lang='lat' dir='ltr'><strong>dapibus,</strong></span> <span class='ocrx_word' id='word_1_199' title='bbox 704 2868 800 2927; x_wconf 90' lang='lat' dir='ltr'><strong>quam</strong></span> <span class='ocrx_word' id='word_1_200' title='bbox 809 2853 950 2910; x_wconf 90' lang='lat' dir='ltr'><strong>mentem</strong></span> <span class='ocrx_word' id='word_1_201' title='bbox 961 2848 1118 2909; x_wconf 85' lang='lat' dir='ltr'><strong>sacrificiis</strong></span> 
     </span>
     <span class='ocr_line' id='line_1_28' title="bbox 167 2944 1116 3023; baseline 0.002 -18"><span class='ocrx_word' id='word_1_202' title='bbox 167 2944 352 3007; x_wconf 83' lang='lat' dir='ltr'><strong>caelestibus</strong></span> <span class='ocrx_word' id='word_1_203' title='bbox 364 2950 482 3023; x_wconf 84' lang='lat' dir='ltr'><strong>parent</strong></span> <span class='ocrx_word' id='word_1_204' title='bbox 522 2947 606 3022; x_wconf 76' lang='lat' dir='ltr'><strong>Quos</strong></span> <span class='ocrx_word' id='word_1_205' title='bbox 620 2951 676 3008; x_wconf 89' lang='lat' dir='ltr'><strong>tua</strong></span> <span class='ocrx_word' id='word_1_206' title='bbox 688 2952 796 3008; x_wconf 86' lang='lat' dir='ltr'><strong>sancta</strong></span> <span class='ocrx_word' id='word_1_207' title='bbox 812 2948 1004 3020; x_wconf 77' lang='lat' dir='ltr'><strong>auctoritate,</strong></span> <span class='ocrx_word' id='word_1_208' title='bbox 1021 2946 1049 3007; x_wconf 91' lang='lat' dir='ltr'><strong>si</strong></span> <span class='ocrx_word' id='word_1_209' title='bbox 1063 2947 1116 3007; x_wconf 90' lang='lat' dir='ltr'><strong>ali·</strong></span> 
     </span>
    </p>

    <p class='ocr_par' dir='ltr' id='par_1_8' title="bbox 166 3042 1117 3124">
     <span class='ocr_line' id='line_1_29' title="bbox 166 3042 1117 3124; baseline 0.007 -21"><span class='ocrx_word' id='word_1_210' title='bbox 166 3042 239 3104; x_wconf 90' lang='lat' dir='ltr'><strong>cubi</strong></span> <span class='ocrx_word' id='word_1_211' title='bbox 261 3045 441 3122; x_wconf 86' lang='lat' dir='ltr'><strong>reppereris,</strong></span> <span class='ocrx_word' id='word_1_212' title='bbox 459 3044 556 3107; x_wconf 91' lang='lat' dir='ltr'><strong>uelim</strong></span> <span class='ocrx_word' id='word_1_213' title='bbox 576 3047 719 3123; x_wconf 79' lang='lat' dir='ltr'><strong>corrigas,</strong></span> <span class='ocrx_word' id='word_1_214' title='bbox 735 3064 926 3124; x_wconf 85' lang='lat' dir='ltr'><strong>moneasque</strong></span> <span class='ocrx_word' id='word_1_215' title='bbox 946 3045 1019 3105; x_wconf 91' lang='lat' dir='ltr'><strong>illos</strong></span> <span class='ocrx_word' id='word_1_216' title='bbox 1037 3045 1117 3111; x_wconf 88' lang='lat' dir='ltr'><strong>tales</strong></span> 
     </span>
    </p>

    <p class='ocr_par' dir='ltr' id='par_1_9' title="bbox 165 3143 1113 3223">
     <span class='ocr_line' id='line_1_30' title="bbox 165 3143 1113 3223; baseline 0.004 -20"><span class='ocrx_word' id='word_1_217' title='bbox 165 3161 239 3203; x_wconf 85' lang='lat' dir='ltr'><strong>suae</strong></span> <span class='ocrx_word' id='word_1_218' title='bbox 247 3144 489 3205; x_wconf 86' lang='lat' dir='ltr'><strong>conuersationis</strong></span> <span class='ocrx_word' id='word_1_219' title='bbox 498 3144 627 3205; x_wconf 88' lang='lat' dir='ltr'><strong>diurnae</strong></span> <span class='ocrx_word' id='word_1_220' title='bbox 634 3144 703 3205; x_wconf 91' lang='lat' dir='ltr'><strong>siue</strong></span> <span class='ocrx_word' id='word_1_221' title='bbox 711 3147 881 3205; x_wconf 88' lang='lat' dir='ltr'><strong>nocturnae</strong></span> <span class='ocrx_word' id='word_1_222' title='bbox 888 3147 984 3205; x_wconf 86' lang='lat' dir='ltr'><strong>testes</strong></span> <span class='ocrx_word' id='word_1_223' title='bbox 992 3143 1113 3223; x_wconf 88' lang='lat' dir='ltr'><strong>habere,</strong></span> 
     </span>
    </p>

    <p class='ocr_par' dir='ltr' id='par_1_10' title="bbox 162 3241 1116 3422">
     <span class='ocr_line' id='line_1_31' title="bbox 165 3241 1116 3324; baseline 0.004 -23"><span class='ocrx_word' id='word_1_224' title='bbox 165 3241 220 3318; x_wconf 90' lang='lat' dir='ltr'><strong>qui</strong></span> <span class='ocrx_word' id='word_1_225' title='bbox 247 3244 279 3302; x_wconf 89' lang='lat' dir='ltr'><strong>et</strong></span> <span class='ocrx_word' id='word_1_226' title='bbox 306 3241 427 3303; x_wconf 88' lang='lat' dir='ltr'><strong>actione</strong></span> <span class='ocrx_word' id='word_1_227' title='bbox 451 3243 518 3304; x_wconf 88' lang='lat' dir='ltr'><strong>Deo</strong></span> <span class='ocrx_word' id='word_1_228' title='bbox 545 3243 646 3321; x_wconf 87' lang='lat' dir='ltr'><strong>digna,</strong></span> <span class='ocrx_word' id='word_1_229' title='bbox 677 3245 709 3303; x_wconf 89' lang='lat' dir='ltr'><strong>et</strong></span> <span class='ocrx_word' id='word_1_230' title='bbox 736 3243 952 3304; x_wconf 82' lang='lat' dir='ltr'><strong>exhortatione</strong></span> <span class='ocrx_word' id='word_1_231' title='bbox 979 3264 1116 3324; x_wconf 85' lang='lat' dir='ltr'><strong>congrua</strong></span> 
     </span>
     <span class='ocr_line' id='line_1_32' title="bbox 162 3341 1116 3422; baseline 0.004 -21"><span class='ocrx_word' id='word_1_232' title='bbox 162 3341 309 3418; x_wconf 77' lang='lat' dir='ltr'><strong>prodesse</strong></span> <span class='ocrx_word' id='word_1_233' title='bbox 322 3341 454 3419; x_wconf 91' lang='lat' dir='ltr'><strong>populis,</strong></span> <span class='ocrx_word' id='word_1_234' title='bbox 471 3362 505 3403; x_wconf 88' lang='lat' dir='ltr'><strong>ao</strong></span> <span class='ocrx_word' id='word_1_235' title='bbox 519 3342 679 3419; x_wconf 87' lang='lat' dir='ltr'><strong>spirituale</strong></span> <span class='ocrx_word' id='word_1_236' title='bbox 692 3342 832 3419; x_wconf 88' lang='lat' dir='ltr'><strong>ipsorum</strong></span> <span class='ocrx_word' id='word_1_237' title='bbox 846 3343 1023 3404; x_wconf 85' lang='lat' dir='ltr'><strong>antistitum</strong></span> <span class='ocrx_word' id='word_1_238' title='bbox 1037 3364 1116 3422; x_wconf 91' lang='lat' dir='ltr'><strong>opus</strong></span> 
     </span>
    </p>

    <p class='ocr_par' dir='ltr' id='par_1_11' title="bbox 163 3438 1115 3519">
     <span class='ocr_line' id='line_1_33' title="bbox 163 3438 1115 3519; baseline 0.006 -20"><span class='ocrx_word' id='word_1_239' title='bbox 163 3438 272 3501; x_wconf 88' lang='lat' dir='ltr'><strong>iuuare</strong></span> <span class='ocrx_word' id='word_1_240' title='bbox 293 3440 455 3502; x_wconf 87' lang='lat' dir='ltr'><strong>sufficiant.</strong></span> <span class='ocrx_word' id='word_1_241' title='bbox 501 3440 583 3519; x_wconf 89' lang='lat' dir='ltr'><strong>Lege</strong></span> <span class='ocrx_word' id='word_1_242' title='bbox 604 3441 691 3502; x_wconf 93' lang='lat' dir='ltr'><strong>enim</strong></span> <span class='ocrx_word' id='word_1_243' title='bbox 708 3443 809 3501; x_wconf 87' lang='lat' dir='ltr'><strong>Actus</strong></span> <span class='ocrx_word' id='word_1_244' title='bbox 825 3442 1060 3519; x_wconf 89' lang='lat' dir='ltr'><strong>Apostolorum,</strong></span> <span class='ocrx_word' id='word_1_245' title='bbox 1082 3448 1115 3506; x_wconf 94' lang='lat' dir='ltr'><strong>et</strong></span> 
     </span>
    </p>
   </div>
   <div class='ocr_carea' id='block_1_3' title="bbox 159 3616 1115 3927">
    <p class='ocr_par' dir='ltr' id='par_1_12' title="bbox 159 3616 1115 3927">
     <span class='ocr_line' id='line_1_34' title="bbox 195 3616 1114 3688; baseline 0.004 -17"><span class='ocrx_word' id='word_1_246' title='bbox 195 3616 204 3646; x_wconf 95' lang='lat'><strong>¹</strong></span> <span class='ocrx_word' id='word_1_247' title='bbox 220 3622 376 3685; x_wconf 79' lang='lat' dir='ltr'><strong>eisdemque</strong></span> <span class='ocrx_word' id='word_1_248' title='bbox 388 3621 423 3673; x_wconf 84' lang='lat' dir='ltr'><strong>ll.</strong></span> <span class='ocrx_word' id='word_1_249' title='bbox 491 3622 501 3651; x_wconf 87' lang='lat'><strong>¹</strong></span> <span class='ocrx_word' id='word_1_250' title='bbox 518 3622 662 3674; x_wconf 88' lang='lat' dir='ltr'><strong>dominum</strong></span> <span class='ocrx_word' id='word_1_251' title='bbox 672 3638 720 3672; x_wconf 77' lang='lat' dir='ltr'><strong>ona.</strong></span> <span class='ocrx_word' id='word_1_252' title='bbox 732 3621 769 3673; x_wconf 87' lang='lat' dir='ltr'><strong>ll.</strong></span> <span class='ocrx_word' id='word_1_253' title='bbox 835 3623 845 3653; x_wconf 83' lang='lat'>⁸</span> <span class='ocrx_word' id='word_1_254' title='bbox 861 3624 914 3688; x_wconf 89' lang='lat' dir='ltr'><strong>-pit</strong></span> <span class='ocrx_word' id='word_1_255' title='bbox 924 3624 960 3675; x_wconf 79' lang='lat' dir='ltr'><strong>ll.</strong></span> <span class='ocrx_word' id='word_1_256' title='bbox 1024 3624 1034 3654; x_wconf 84' lang='lat'><strong>⁴</strong></span> <span class='ocrx_word' id='word_1_257' title='bbox 1049 3640 1114 3675; x_wconf 88' lang='lat' dir='ltr'><strong>uero</strong></span> 
     </span>
     <span class='ocr_line' id='line_1_35' title="bbox 160 3700 1114 3762; baseline 0.002 -12"><span class='ocrx_word' id='word_1_258' title='bbox 160 3716 208 3751; x_wconf 69' lang='lat' dir='ltr'><strong>oen,</strong></span> <span class='ocrx_word' id='word_1_259' title='bbox 217 3700 253 3752; x_wconf 84' lang='lat' dir='ltr'><strong>ll.</strong></span> <span class='ocrx_word' id='word_1_260' title='bbox 353 3701 363 3730; x_wconf 82' lang='lat'>⁸</span> <span class='ocrx_word' id='word_1_261' title='bbox 379 3702 483 3751; x_wconf 74' lang='lat' dir='ltr'><strong>dantur</strong></span> <span class='ocrx_word' id='word_1_262' title='bbox 494 3700 530 3753; x_wconf 88' lang='lat' dir='ltr'><strong>ll.</strong></span> <span class='ocrx_word' id='word_1_263' title='bbox 617 3700 627 3729; x_wconf 80' lang='lat'>⁸</span> <span class='ocrx_word' id='word_1_264' title='bbox 644 3702 728 3751; x_wconf 83' lang='lat' dir='ltr'><strong>michi</strong></span> <span class='ocrx_word' id='word_1_265' title='bbox 741 3702 778 3760; x_wconf 85' lang='lat' dir='ltr'><strong>H,</strong></span> <span class='ocrx_word' id='word_1_266' title='bbox 789 3706 840 3751; x_wconf 79' lang='lat' dir='ltr'><strong>aad</strong></span> <span class='ocrx_word' id='word_1_267' title='bbox 850 3704 917 3762; x_wconf 77' lang='lat' dir='ltr'><strong>soso.</strong></span> <span class='ocrx_word' id='word_1_268' title='bbox 1005 3700 1015 3731; x_wconf 74' lang='lat'><strong>¹</strong></span> <span class='ocrx_word' id='word_1_269' title='bbox 1032 3706 1114 3752; x_wconf 83' lang='lat' dir='ltr'><strong>surri-</strong></span> 
     </span>
     <span class='ocr_line' id='line_1_36' title="bbox 159 3782 1115 3848; baseline 0.002 -15"><span class='ocrx_word' id='word_1_270' title='bbox 159 3799 223 3847; x_wconf 85' lang='lat' dir='ltr'><strong>pere</strong></span> <span class='ocrx_word' id='word_1_271' title='bbox 235 3784 272 3835; x_wconf 85' lang='grc' dir='ltr'><strong>Η.</strong></span> <span class='ocrx_word' id='word_1_272' title='bbox 345 3784 355 3815; x_wconf 86' lang='lat'>⁸</span> <span class='ocrx_word' id='word_1_273' title='bbox 371 3788 424 3833; x_wconf 88' lang='lat' dir='ltr'><strong>-tor</strong></span> <span class='ocrx_word' id='word_1_274' title='bbox 437 3784 473 3833; x_wconf 86' lang='grc' dir='ltr'><strong>Η.</strong></span> <span class='ocrx_word' id='word_1_275' title='bbox 553 3782 563 3813; x_wconf 79' lang='lat'>⁸</span> <span class='ocrx_word' id='word_1_276' title='bbox 578 3784 650 3834; x_wconf 86' lang='lat' dir='ltr'><strong>dixit</strong></span> <span class='ocrx_word' id='word_1_277' title='bbox 659 3783 693 3835; x_wconf 84' lang='lat' dir='ltr'><strong>ll.</strong></span> <span class='ocrx_word' id='word_1_278' title='bbox 761 3782 780 3811; x_wconf 82' lang='lat'><strong>¹⁰</strong></span> <span class='ocrx_word' id='word_1_279' title='bbox 797 3785 849 3848; x_wconf 85' lang='lat' dir='ltr'><strong>ipsi</strong></span> <span class='ocrx_word' id='word_1_280' title='bbox 861 3785 900 3834; x_wconf 83' lang='lat' dir='ltr'><strong>ita</strong></span> <span class='ocrx_word' id='word_1_281' title='bbox 912 3783 947 3834; x_wconf 82' lang='lat' dir='ltr'><strong>ll.</strong></span> <span class='ocrx_word' id='word_1_282' title='bbox 1016 3782 1034 3812; x_wconf 86' lang='lat'><strong>¹¹</strong></span> <span class='ocrx_word' id='word_1_283' title='bbox 1053 3786 1115 3836; x_wconf 83' lang='lat' dir='ltr'><strong>illos</strong></span> 
     </span>
     <span class='ocr_line' id='line_1_37' title="bbox 160 3859 1094 3927; baseline 0.003 -15"><span class='ocrx_word' id='word_1_284' title='bbox 160 3878 206 3913; x_wconf 85' lang='lat' dir='ltr'><strong>om.</strong></span> <span class='ocrx_word' id='word_1_285' title='bbox 220 3862 256 3913; x_wconf 80' lang='lat' dir='ltr'><strong>ll.</strong></span> <span class='ocrx_word' id='word_1_286' title='bbox 325 3859 345 3890; x_wconf 87' lang='lat'><strong>¹¹</strong></span> <span class='ocrx_word' id='word_1_287' title='bbox 361 3877 476 3913; x_wconf 86' lang='lat' dir='ltr'><strong>comesa·</strong></span> <span class='ocrx_word' id='word_1_288' title='bbox 488 3862 525 3914; x_wconf 86' lang='lat' dir='ltr'><strong>H.</strong></span> <span class='ocrx_word' id='word_1_289' title='bbox 592 3862 612 3894; x_wconf 85' lang='lat'><strong>¹³</strong></span> <span class='ocrx_word' id='word_1_290' title='bbox 630 3863 715 3913; x_wconf 68' lang='lat' dir='ltr'><strong>ribus</strong></span> <span class='ocrx_word' id='word_1_291' title='bbox 727 3862 763 3913; x_wconf 84' lang='lat' dir='ltr'><strong>H.</strong></span> <span class='ocrx_word' id='word_1_292' title='bbox 833 3862 851 3891; x_wconf 80' lang='lat'><strong>¹⁴</strong></span> <span class='ocrx_word' id='word_1_293' title='bbox 867 3863 1048 3927; x_wconf 82' lang='lat' dir='ltr'><strong>subiugantur</strong></span> <span class='ocrx_word' id='word_1_294' title='bbox 1058 3864 1094 3915; x_wconf 83' lang='lat' dir='ltr'><strong>H.</strong></span> 
     </span>
    </p>
   </div>
   <div class='ocr_carea' id='block_1_4' title="bbox 0 0 1434 4334">
    <p class='ocr_par' dir='ltr' id='par_1_13' title="bbox 0 0 1434 4334">
     <span class='ocr_line' id='line_1_38' title="bbox 0 0 1434 4334; baseline 0 5"><span class='ocrx_word' id='word_1_295' title='bbox 0 0 1434 4334; x_wconf 95' lang='lat' dir='ltr'><strong> </strong></span> 
     </span>
    </p>
   </div>
  </div>
 </body>
</html>
