2859 4334
331 239 395 306 252
600 239 758 306 Historia
779 241 1011 311 Ecclesiastico
1159 257 1224 322 [aa.
1237 261 1275 309 u.

330 421 494 480 commoda
512 421 714 498 contigissent
735 425 766 481 et
785 441 938 498 prospera,
955 441 1010 499 per
1028 422 1276 482 intercessionem

331 520 510 594 fraternam,
528 523 560 579 et
573 519 764 580 oblationem
782 521 902 580 hostiae
919 520 1064 580 salutaris
1078 520 1208 580 caelitus
1220 515 1276 579 sibi

331 617 426 677 fuisse
442 619 556 678 donata
570 618 734 678 intellexit.
772 619 928 695 Multique
942 620 1017 678 haec
1030 639 1049 678 a
1063 619 1200 695 praefato
1214 619 1277 679 uiro

332 716 502 790 audientes,
528 717 648 776 accensi
672 717 801 777 suntin
823 717 886 777 fide
906 736 942 776 ao
966 717 1135 776 deuotione
1156 717 1278 793 pietatis

331 817 370 874 ad
392 816 552 886 orandum,
578 815 629 874 uel
648 816 687 876 ad
709 815 899 892 elimosynas
919 814 1082 889 faciendas,
1106 816 1159 876 uel
1180 817 1217 875 ad
1240 817 1276 876 ol·

332 915 474 973 ferendas
488 915 553 974 Deo
569 913 713 974 uictimas
728 934 830 973 sacrae
850 914 1024 988 oblationis,
1048 935 1105 991 pro
1125 915 1277 991 ereptione

332 1033 470 1087 suorum,
502 1013 556 1089 qui
584 1013 622 1072 de
650 1013 773 1073 saeculo
801 1013 1029 1090 migrauerant;
1060 1014 1279 1073 intellexerunt

333 1112 428 1184 enim,
442 1112 515 1187 quia
528 1112 714 1171 sacrificium
725 1113 860 1172 salutare
869 1113 908 1172 ad
922 1113 1152 1173 redemtionem
1167 1113 1279 1171 ualeret

333 1213 365 1270 et
378 1210 501 1269 animae
514 1213 546 1270 et
560 1211 695 1287 corporis
708 1211 940 1287 sempiternam.

374 1308 465 1368 Hanc
485 1308 565 1368 mihi
586 1309 749 1368 historiam
770 1309 866 1370 etiam
887 1310 1015 1387 quidam
1035 1331 1153 1384 eorum,
1172 1310 1226 1386 qui
1244 1310 1279 1369 ab

332 1407 400 1484 ipso
422 1407 499 1481 uiro,
521 1408 555 1467 in
577 1428 637 1485 quo
659 1409 740 1469 iacta
760 1413 815 1483 est,
838 1409 971 1481 audiere,
993 1412 1181 1482 narrarunt;
1203 1408 1279 1467 unde

334 1527 410 1579 cam,
447 1506 519 1582 quia
552 1506 687 1582 liquido¹
720 1507 853 1583 conperi,
889 1507 1105 1567 indubitanter
1137 1507 1279 1567 historiae
1394 1568 1395 1589 2

333 1604 456 1662 nostrae
476 1601 696 1662 ecclesiasticae
716 1601 913 1663 inserendam
933 1602 1059 1662 credidi.

619 1801 710 1860 oar.
732 1799 813 1860 xm
835 1795 982 1881 [xxuu

970 1847 991 1881 Δ.

585 1935 617 1980 De
628 1936 679 1981 uita
690 1940 710 1981 et
721 1937 785 1981 obitu
794 1937 880 1984 Eudae
889 1938 1026 1982 abbatissae.

164 2077 244 2124 neam
258 2076 285 2121 os
376 2055 469 2114 Anno
483 2057 554 2130 post
573 2054 657 2113 huno
675 2057 833 2130 sequente,
851 2054 909 2112 hoc
928 2051 996 2115 est²
1010 2073 1093 2113 anno
1112 2053 1282 2112 dominicae

162 2138 318 2251 ffiffiss
336 2152 559 2214 incarnationis
572 2152 758 2227 Dcnxxx,
770 2153 1022 2229 religiosissima⁸
1036 2152 1156 2212 Christi
1168 2150 1283 2211 famula

164 2258 223 2304 nov.
233 2259 316 2312 ¹72⁶8⁰·
337 2252 424 2327 Hild‚
441 2251 597 2311 abbatissa
611 2251 801 2326 monasterii,
818 2251 901 2326 quod
912 2251 1027 2311 dieitur
1040 2251 1280 2322 Stmnaoehah‘,
1394 2320 1395 2323 Ἴ

335 2353 482 2427 utsupra
500 2349 688 2425 rettulimus,
713 2354 784 2428 post
804 2350 913 2424 multa,
930 2371 1009 2427 quae
1028 2350 1103 2409 fecit
1124 2349 1158 2409 in
1183 2349 1281 2421 terris,
1394 2336 1395 2379 l

336 2469 428 2526 opera
444 2448 595 2522 caelestia,
616 2449 655 2509 ad
675 2450 872 2526 percipienda
890 2449 1027 2526 praemia
1042 2449 1128 2509 uitae
1146 2447 1286 2508 caelestis

337 2549 376 2608 de
390 2547 482 2608 terris
495 2547 598 2607 ablata
612 2548 761 2608 transiuit
775 2549 826 2609 die
841 2549 911 2609 XV.
928 2548 1143 2608 Kalendarum
1157 2547 1284 2606 Decem·

336 2647 449 2720 brium,
484 2666 555 2706 cum
584 2649 666 2706 esset
696 2667 851 2707 annorum
888 2647 1016 2720 LXVI3
1047 2646 1163 2723 quibus
1188 2665 1286 2722 aequa

338 2745 478 2823 partione
490 2747 500 2777 ⁵
514 2745 632 2820 diuisis,
655 2745 806 2805 XXXIII
825 2746 943 2822 primos
959 2747 993 2806 in
1012 2744 1159 2806 saeculari
1177 2745 1284 2804 habita

338 2844 532 2904 nobilissime
546 2846 727 2904 conuersata
742 2846 910 2922 conpleuit,
928 2848 959 2905 et
975 2845 1108 2905 totidem
1122 2848 1287 2921 sequentes

339 2944 474 3003 nobilius
488 2944 522 3002 in
537 2943 719 3004 monachica
733 2945 799 3004 uita
813 2945 950 3004 Domino
964 2944 1162 3010 consecrauit.
1208 2943 1285 3002 Nam

338 3046 371 3102 et
385 3042 500 3102 nobilis
514 3045 590 3102 natu
604 3046 678 3118 erat,
696 3043 756 3102 hoc
766 3047 814 3104 est
828 3043 893 3103 filia
906 3043 1028 3120 nepotis
1043 3043 1181 3103 Eduini⁶
1195 3043 1283 3120 regia

338 3141 487 3202 uocabulo
515 3141 695 3215 Hererioi⁷3
724 3161 796 3201 cum
819 3161 882 3218 quo
910 3142 1005 3201 etiam
1032 3161 1112 3218 rege,
1140 3142 1181 3200 ad
1208 3159 1288 3218 proc

338 3241 524 3301 (ficationem
535 3240 641 3299 hesim
652 3240 820 3300 memoriae
829 3240 956 3300 Paulini
966 3240 1062 3317 primi
1073 3241 1289 3318 Nordanhym·

338 3341 466 3400 brorum
477 3341 487 3370 ⁸
497 3339 641 3415 episcopi,
654 3339 751 3399 fidem
766 3343 798 3399 et
808 3341 1000 3398 sacramenta
1011 3338 1129 3399 Christi
1143 3339 1285 3415 suscepit

339 3443 431 3515 atque
459 3439 541 3512 haec,
573 3438 750 3513 usquedum
777 3438 815 3497 ad
848 3438 917 3497 eius
943 3438 1101 3497 uisionem
1127 3438 1289 3515 peruenire

339 3536 461 3612 meruit,
478 3537 666 3597 intemerata
678 3538 824 3597 seruauit

373 3668 448 3730 ¹qui
469 3669 616 3728 aliquando
640 3670 669 3719 C.
692 3668 724 3718 N.
748 3669 801 3719 W¹.
826 3667 867 3719 D¹.
892 3669 957 3730 διας
983 3685 1052 3732 quae
1074 3671 1223 3732 aliquando
1244 3670 1284 3728 11.

340 3747 603 3797 ²auuo...estom.
618 3749 646 3797 O.
753 3748 901 3811 'religiosa
913 3749 942 3798 O.
1041 3748 1289 3800 ‘streneshalbct

339 3827 559 3876 streanaeshalch
582 3828 616 3876 N.
730 3825 880 3889 ‘portione
903 3828 939 3876 M.
961 3827 991 3878 C.
1014 3827 1057 3889 B3
1084 3830 1209 3891 portione
1230 3827 1289 3876 edd.

339 3908 348 3937 ⁸
365 3905 478 3954 eduuini
492 3906 522 3956 G.
588 3904 597 3932 ²
613 3906 723 3955 herirIci
736 3905 766 3955 G.
777 3907 811 3956 N.
887 3907 897 3936 ¹
914 3907 1038 3956 nordam-
1049 3906 1087 3957 ll.
