2859 4334
343 973 500 1048 LIBER
537 972 830 1050 SECUNDUS.

515 1193 606 1256 CAP.
630 1193 657 1256 Ι.

388 1399 421 1446 Dc
431 1401 493 1446 obitu
506 1401 564 1446 beuti
571 1395 663 1458 pupac¹
677 1401 787 1458 Gregorii.

149 1513 213 1575 Hrs
227 1513 428 1592 temporibus,
445 1514 478 1576 id
493 1519 540 1576 est
553 1535 636 1576 anno
650 1513 825 1576 dominicae
839 1516 1061 1577 incarnationis
1076 1526 1158 1571 naath
1169 1526 1197 1570 01*

112 1611 200 1688 DCV‚
212 1615 323 1675 beatus
330 1635 409 1691 papa
418 1615 594 1692 Gregorius
607 1617 774 1691 postquam
785 1616 891 1675 sedem
903 1617 1061 1676 Romanae
1076 1587 1231 1700 {³35⁰ssssst

111 1717 140 1770 et
153 1713 339 1789 apostolicae
354 1713 500 1773 ecclesiae
513 1713 600 1773 XIII
614 1732 723 1788 annes,
738 1733 861 1773 menses
874 1714 930 1788 V1‚
948 1718 979 1774 et
993 1715 1060 1775 dies
1076 1705 1180 1818 {112¹}ssss

111 1807 139 1868 X
152 1810 377 1886 gloriosissime
390 1812 479 1886 rexit,
492 1811 660 1871 defunctus
673 1814 730 1886 est,
744 1814 837 1888 atque
847 1813 885 1872 ad
900 1815 1060 1873 aeternam
1182 1797 1187 1809 ⁸

109 1908 196 1984 regni
210 1909 350 1969 caelestis
363 1909 470 1969 sedem
482 1908 659 1969 translatus
692 1908 740 1968 De
754 1929 815 1985 quo
829 1929 888 1968 nos
902 1909 1057 1992 conuenit,

109 2006 180 2080 quia
201 2011 349 2082 nostram,
374 2007 406 2068 id
428 2010 475 2068 cst
495 2007 682 2084 Anglorum,
700 2010 827 2084 gentem
849 2009 888 2068 de
908 2011 1061 2085 potestate

109 2103 241 2164 Satanae
275 2105 314 2166 ad
349 2105 444 2165 fidem
472 2104 589 2166 Christi
617 2124 673 2165 sua
706 2105 860 2166 industria
894 2107 1057 2180 conuertit,

51 2185 75 2216 ¹'
109 2200 249 2263 latiorem
278 2203 312 2263 in
341 2207 448 2264 nostra
476 2203 608 2264 historia
642 2203 845 2264 ecclesiastica
872 2204 971 2264 facere
998 2225 1058 2264 ser-

109 2319 244 2377 monem,
265 2321 360 2380 quem
382 2304 464 2362 recte
485 2305 629 2362 nostrum
650 2301 807 2379 appellare
825 2299 829 2381 Ι
847 2323 1013 2379 possumus
1027 2309 1059 2365 et

108 2397 259 2460 debemus
271 2400 455 2476 apostolum.
501 2401 588 2476 Quia,
606 2401 832 2477 cumprimum
851 2401 885 2462 in
905 2407 972 2462 toto
986 2403 1060 2463 orbe

107 2501 228 2574 gereret
254 2499 474 2576 pontificatum
484 2501 503 2576 ²,
534 2502 566 2560 et
596 2499 754 2559 conuersis
780 2498 843 2559 iam
872 2500 992 2561 dudum
1020 2503 1059 2563 ad

108 2595 205 2656 fidem
217 2597 358 2658 ueritatis
369 2599 450 2658 esset
460 2599 616 2675 praelatus
625 2597 770 2673 ecclesiis,
784 2602 922 2658 nostram
932 2604 1058 2677 gentem

107 2697 237 2756 eatenus
256 2695 349 2757 idolis
370 2697 580 2774 mancipatam
595 2695 713 2758 Christi
734 2697 808 2757 fecit
829 2698 998 2775 ecclesiam,
1016 2701 1061 2760 ita

42 2795 81 2838 -it
108 2797 144 2853 ut
164 2795 372 2871 apostolicum
393 2795 485 2854 illum
507 2797 545 2856 de
566 2815 602 2856 eo
623 2795 714 2857 liceat
735 2798 826 2858 nobis
845 2798 984 2875 proferre
1001 2818 1061 2858 ser·

106 2909 258 2954 monem:
280 2893 354 2970 quia
375 2894 434 2954 etsi
450 2893 520 2954 aliis
541 2914 606 2954 non
627 2899 675 2956 est
696 2897 862 2972 apostolus,
879 2898 934 2957 sed
954 2901 1060 2957 tamen

107 2991 201 3050 uobis
214 2995 259 3054 ast
272 3014 280 3067 ;
294 3011 369 3052 nam
383 2991 580 3071 signaculum
594 2994 785 3070 apostolatus
799 2997 866 3056 eius
880 3016 937 3056 nos
951 3016 1062 3057 sumus

105 3088 139 3148 in
154 3089 302 3152 Domino.

151 3189 229 3250 Erat
252 3193 359 3252 autem
387 3192 515 3252 natione
537 3191 705 3266 Romanus,
728 3191 765 3252 a³
783 3196 870 3269 patre
893 3191 1058 3268 Gorditano,
1078 3207 1234 3263 nuperum·

105 3309 209 3367 genus
229 3309 247 3349 a
268 3289 392 3366 proauis
413 3310 478 3350 non
500 3290 602 3350 solum
620 3289 734 3366 nobile,
752 3292 806 3350 sed
828 3294 859 3350 et
881 3291 1062 3367 religiosum
1077 3281 1129 3323 Ψ

106 3389 236 3449 ducens.
292 3388 436 3466 Denique
470 3389 558 3448 Felix
593 3389 734 3449 eiusdem
768 3389 952 3466 apostolicae
979 3389 1062 3450 sedis

105 3487 267 3565 quondam
282 3486 453 3564 episcopus,
472 3487 521 3548 uir
541 3507 672 3565 magnae
691 3487 808 3565 gloriae
828 3487 863 3548 in
885 3489 1010 3549 Christo
1031 3491 1062 3549 et

106 3586 244 3662 ecclesia
282 3587 350 3646 eius
383 3587 444 3648 fuit
472 3589 590 3648 atauus.
650 3586 733 3647 Sed·
761 3586 828 3663 ipse
864 3587 1061 3648 nobilitatem

105 3685 268 3762 religionis
281 3705 347 3746 non
360 3685 481 3746 minore
496 3705 590 3764 quom
604 3688 748 3762 parentes
761 3688 793 3745 et
807 3685 929 3763 cognati
943 3685 1061 3747 uirtute

136 3867 144 3896 ¹
163 3872 200 3918 ln
211 3869 240 3918 B.
252 3885 269 3916 c
281 3873 339 3918 laer
353 3831 479 3918 mm
492 3871 621 3917 obliterated
635 3871 670 3916 ue
684 3871 749 3916 word
762 3881 847 3930 papae
863 3871 918 3916 totth
935 3872 975 3916 red
989 3873 1060 3919 achre.

102 3947 113 3978 ²
130 3947 234 4010 pontif.
245 3963 297 4011 ger.
309 3947 346 3998 Μ.
413 3945 423 3976 ⁸
440 3961 473 3996 ex
481 3946 510 3996 0.
578 3945 586 3975 ¹
603 3945 684 3996 sedet
696 3946 731 3997 u.
