2859 4334
139 271 289 338 curcua]
451 262 566 330 Gentis
588 265 793 352 duplorum.
1023 271 1085 333 231

178 435 254 496 Erat
274 437 381 496 autem
401 437 446 498 ibi
466 440 637 501 monachus
659 441 787 518 quidam
807 441 991 502 de'natious
1005 443 1087 504 Scot-
1103 447 1250 495 Irishmonss

137 537 250 609 torum,
268 534 418 596 uocabulo
435 537 536 612 Dicul,
553 538 673 598 habens
694 540 951 600 monasteriolum
966 561 1086 618 permo
1104 513 1222 615 m

138 632 244 692 dicum
257 633 292 692 in
306 633 380 710 loco,
393 635 446 712 qui
462 640 590 696 uocatur
601 638 814 698 Bosanhamm
821 636 839 712 ¹,
851 639 942 699 siluis
950 644 982 700 et
992 641 1072 700 mari

137 731 373 808 circumdatum,
391 738 422 795 et
437 734 471 793 in
485 755 523 794 eo
540 735 650 796 fratres
668 737 699 797 V
712 735 780 796 siue
793 737 848 812 VI,
868 737 904 796 in
922 737 1038 798 humili
1056 741 1087 798 st

136 849 271 906 paupere
290 831 355 890 uita
374 832 509 892 Domino
527 833 724 898 famulantes.
770 835 831 896 Sed
850 836 1088 913 prouincialium

137 929 247 988 nullus
267 949 376 990 eorum
396 931 447 990 uel
466 932 565 992 uitam
584 933 741 1009 aemulari,
760 934 810 994 uel
829 935 1087 1011 praedicationem

136 1027 262 1088 curabat
283 1029 397 1090 audire.

178 1126 405 1203 Euangelizans
428 1132 535 1189 autem
562 1129 650 1207 genti
677 1130 840 1208 episcopus
867 1131 993 1207 Uilirid,
1023 1149 1088 1190 non
1105 1143 1207 1188 wilfrid

136 1224 239 1285 solum
258 1247 327 1286 eam
348 1227 386 1286 ab
405 1247 536 1288 erumna
554 1233 720 1307 perpetuae
739 1230 957 1304 damnationis,
975 1249 1087 1290 uerum
1104 1203 1259 1307 &2⁸3⁰

137 1323 168 1379 et
192 1339 211 1378 a
234 1320 321 1380 clade
341 1321 488 1383 infanda³
509 1325 688 1400 temporalis
708 1324 856 1384 interitus
876 1325 998 1401 eripuit.
1044 1324 1088 1383 Si·
1104 1323 1200 1367 sum

138 1417 265 1496 quidem
275 1419 377 1480 tribus
390 1421 482 1481 annis
496 1426 568 1482 ante
579 1423 753 1482 aduentum
763 1423 830 1482 eius
844 1422 879 1482 in
893 1423 1087 1500 prouinciam

138 1517 229 1577 nulla
251 1517 316 1578 illis
343 1519 378 1578 in
402 1519 477 1580 locis
498 1520 606 1597 pluuia
631 1520 789 1595 ceciderat,
817 1523 901 1582 unde
928 1525 960 1582 et
988 1523 1088 1581 fames

137 1616 355 1677 acerbissima*
374 1618 500 1695 plebem
523 1619 675 1679 inuadens
696 1619 793 1696 impia
812 1640 887 1679 nece
907 1621 1084 1697 prostrauit.

139 1715 284 1792 Denique
297 1717 411 1792 ferunt,
429 1718 501 1794 quia
519 1738 610 1795 saepe
631 1718 688 1778 XL
708 1717 804 1778 simul
824 1722 879 1779 aut
898 1718 924 1777 L
943 1719 1088 1778 homines

136 1814 243 1874 inedia
265 1817 410 1876 macerati
433 1818 634 1894 procederent
655 1817 693 1877 ad
722 1816 938 1894 praecipitium
961 1819 1087 1895 aliquod

136 1913 205 1972 siue
229 1913 330 1989 ripam
350 1915 452 1988 maris,
476 1919 507 1976 et
526 1915 643 1975 iunctis
663 1915 777 1976 misere
797 1916 950 1990 manibus,
974 1916 1089 1993 pariter

137 2031 249 2071 omnes
271 2015 326 2073 aut
349 2015 440 2074 ruina
467 2014 605 2091 perituri,
637 2019 690 2074 aut
713 2014 860 2075 fluctibus
883 2014 1087 2076 obsorbendi·

138 2110 325 2172 deciderent
363 2111 484 2172 Uerum
499 2112 584 2190 ipso⁰
598 2113 656 2188 die,
674 2133 736 2190 quo
754 2113 907 2190 baptisma
920 2113 994 2174 fidei
1010 2134 1088 2191 gens

133 2210 272 2286 suscepit
306 2209 370 2284 illa,
401 2211 561 2271 descendit
587 2212 695 2289 pluuia
725 2231 842 2288 serena,
873 2213 926 2273 sed
955 2212 1082 2289 copiosa,

133 2307 275 2368 refloruit
290 2312 379 2382 terra,
397 2309 489 2369 rediit
503 2309 712 2370 uiridantibus
726 2313 811 2370 aruis
825 2330 927 2370 annus
940 2311 1041 2371 laetus
1055 2315 1087 2372 st

133 2407 275 2484 frugifer.
321 2406 433 2484 Sioque
443 2408 562 2468 abiecta
573 2409 673 2485 prisca
684 2409 912 2485 superstitione,
928 2409 1087 2470 exsufflata

133 2505 286 2580 idolatria,
304 2525 355 2565 cor
369 2507 511 2566 omnium
526 2510 558 2566 et
577 2527 646 2566 earo
660 2507 803 2566 omnium
817 2508 1037 2568 exultauerunt
1053 2508 1086 2567 in

92 2589 110 2618 ²'
133 2605 238 2665 Deum
253 2604 386 2680 uiuum;
406 2605 626 2682 intellegentes
642 2625 724 2679 eum,
747 2605 802 2682 qui
816 2625 909 2665 uerus
927 2608 976 2665 est
989 2607 1083 2680 Deus,

133 2707 166 2764 et
184 2702 387 2763 interioribus
408 2723 441 2762 se
457 2703 548 2764 bonis
566 2706 597 2763 et
618 2703 821 2763 exterioribus
842 2703 967 2764 caelesti
988 2706 1086 2781 gratia

133 2803 258 2862 ditasse.
304 2801 385 2860 Nam
400 2805 431 2860 et
445 2803 576 2862 antistes
593 2822 665 2862 cum
680 2802 818 2862 uenisset
832 2802 866 2861 in
880 2802 1083 2879 prouinciam,

133 2903 319 2977 tantamque
339 2899 384 2958 ibi
405 2900 499 2960 lamis
518 2920 652 2976 poenam
673 2899 802 2975 uideret,
826 2900 932 2960 docuit
952 2920 1005 2960 eos
1028 2901 1087 2977 pis

132 2999 236 3060 cando
263 2998 382 3058 uictum
411 3019 565 3075 quaerere
611 2999 754 3076 Namque
780 3019 866 3058 mare
894 3002 926 3059 et
956 2998 1087 3060 flumina

132 3117 245 3158 eorum
258 3096 394 3174 piscibus
407 3097 628 3171 abundabant;
649 3097 703 3156 sed
723 3096 862 3174 piscandi
876 3097 986 3173 peritia
1000 3098 1087 3173 genti

133 3195 226 3258 nulla
247 3194 308 3254 nisi
328 3195 367 3255 ad
388 3193 541 3272 anguillas
561 3197 686 3254 tantum
707 3193 817 3255 inerat.
856 3195 1002 3255 Collectis
1015 3215 1088 3272 ergo

132 3295 357 3370 undecumque
383 3293 503 3353 retibus
524 3293 755 3370 anguillaribus,
773 3293 917 3352 homines
937 3293 1070 3353 antistit'

30 3405 35 3448 ’.
61 3421 68 3449 ι
99 3439 105 3450 .
133 3394 294 3454 miseruut
312 3391 316 3472 Ι
334 3393 369 3452 in
390 3413 484 3468 mare,
502 3395 533 3452 et
554 3391 662 3452 diuina
682 3412 716 3452 se
736 3391 865 3451 iuuante
885 3391 991 3469 gratia,
1012 3411 1087 3451 mox

132 3491 266 3570 esparsi
283 3490 384 3568 pisces
401 3489 516 3551 diuersi
535 3491 658 3568 generis
673 3490 755 3552 000.
800 3489 920 3564 Quibus
934 3489 1086 3550 trifariam

132 3590 255 3664 diuisis,
279 3589 303 3650 0
321 3589 509 3667 pauperibus
530 3589 689 3664 dederunt,
710 3592 838 3649 centum
858 3586 952 3664 hias
973 3587 1087 3664 quibus

168 3755 175 3786 ¹
196 3755 272 3804 -ham
285 3754 365 3814 13.c.;
382 3753 529 3802 bosanham
541 3752 573 3802 N¹
586 3768 593 3813 ;
610 3753 667 3802 bos·
679 3752 722 3802 Ψ.
791 3750 801 3779 ¹
818 3767 891 3801 mare
903 3751 939 3801 Μ.
1014 3749 1024 3777 ¹
1040 3765 1087 3799 ne·

131 3834 265 3886 andan.
357 3831 574 3882 ‘acero-M.B'.
664 3831 734 3880 ‘ala
747 3827 1088 3891 B²30bser·lt¹;obaoru·

130 3917 163 3968 c.
233 3913 320 3976 ‘ipsa
330 3911 367 3962 M.
431 3908 565 3974 'coepere
578 3909 614 3961 M.
