2859 4334
148 301 211 350 cn.
224 295 268 362 ra]
451 286 566 353 Gentis
589 286 797 372 Anpiornrnr.
1038 291 1098 353 101

147 455 274 518 tionem¹
299 460 348 519 sui
367 461 501 520 reseratis
520 462 613 521 cordis
637 461 747 533 ianuis,
772 478 845 534 puae
870 461 906 520 cie
928 466 1017 521 semet
1037 463 1101 535 ipsa

140 555 329 632 proferetur¹
357 564 463 619 secreta
492 560 632 620 burnonis
657 560 803 619 mentibus
830 561 1020 634 inspiratione
1047 562 1099 620 ete-

146 663 263 716 menter
278 657 415 731 iufundit
425 678 435 730 ;
458 659 498 718 aet
516 657 773 718 adnuntiandam⁸
791 660 874 718 uobis
885 660 1099 732 plenitudinem

140 755 219 828 fidei
245 755 429 816 Christianae
455 759 658 818 sacerdotalem
684 759 854 817 curanimus
876 758 1099 817 solticitudinem

137 871 307 928 praropare,
330 860 363 912 ut
377 856 502 928 perinde
523 856 631 917 Obristi
651 857 841 930 euanpeiium,
866 857 943 930 quod
962 856 1100 916 Satuator

142 957 243 1011 noster
252 954 533 1028 enrnibusprnecepit
541 956 675 1029 pentibrrs
682 956 860 1028 praedicari,
872 956 980 1014 uestris
988 973 1098 1029 quapre

140 1052 277 1110 sensibus
300 1053 464 1127 inserentes,
492 1055 597 1113 saiutis
616 1058 730 1112 nesrac
749 1055 878 1113 remedia
891 1055 1093 1127 propinentur.

141 1147 297 1222 Supernae
324 1152 415 1226 ipitur
441 1153 603 1211 maiestatis
626 1153 783 1225 clementia,
809 1169 883 1226 puae
910 1156 1013 1211 uincta
1038 1153 1098 1211 soto

141 1249 232 1307 uerbo
244 1251 457 1323 praeceptionis
472 1268 543 1309 serae
560 1251 689 1310 condidit
708 1254 735 1309 et
754 1253 871 1324 creauit,
889 1252 1000 1309 caetum
1019 1251 1099 1310 uide

140 1346 209 1404 lieet
223 1349 252 1405 et
266 1352 380 1421 terram,
397 1367 476 1407 mare
492 1353 518 1408 et
537 1349 642 1421 amnia,
660 1367 735 1422 quae
752 1349 784 1406 in
799 1349 841 1408 eis
857 1353 934 1416 siuet:
952 1350 1098 1422 dispositis

140 1445 306 1520 ordinibus,
324 1448 428 1521 auibres
441 1448 632 1520 subsisterent,
649 1448 793 1506 coaeterni
807 1447 894 1506 Uerbi
905 1449 954 1506 sui
967 1449 1093 1522 maenio,

29 1579 36 1632 ¹.
52 1553 119 1618 ..⁸²2
140 1549 169 1602 et
205 1543 310 1604 Sancti
343 1545 470 1619 Spiritus
507 1547 619 1604 unitate
656 1545 835 1618 dispernens,
872 1546 1018 1606 bominem
1056 1548 1097 1606 act

32 1623 71 1660 '¹²
94 1643 99 1654 '
138 1644 303 1717 imapinem
317 1647 345 1702 et
357 1645 580 1704 similitudinem
593 1624 678 1704 suam
693 1662 727 1703 ea
736 1645 805 1702 iimo
815 1648 907 1704 terrae
914 1647 1096 1718 piannatum

137 1744 302 1816 constituit,
317 1744 397 1816 cipue
411 1748 524 1802 tantam
530 1744 660 1817 praemii
666 1745 906 1817 praernpatinam
914 1745 1048 1818 induisit,
1061 1749 1096 1804 ut

136 1859 209 1900 eum
218 1843 524 1917 cunaispraeponeret,
534 1846 620 1916 atque
627 1845 741 1900 sanato
750 1843 871 1900 termino
874 1845 1091 1919 praeceptionis,

134 1942 326 2000 adamantis
346 1941 533 2000 subsistentia
544 1941 752 2013 praemuniret.
797 1941 889 2000 Hune
912 1959 978 2015 erpo
997 1943 1095 2002 Deum

135 2041 271 2112 Patrem,
284 2039 441 2113 etFiiimn,
453 2045 479 2098 ct
489 2039 630 2113 Spiritum
640 2039 788 2112 Sanctum,
800 2041 877 2112 orroei
887 2045 928 2098 est
936 2041 1096 2101 indiuidua

62 2151 115 2196 su.
136 2138 286 2210 Trinitas,
303 2138 339 2196 ab
352 2141 417 2196 ortu
431 2139 499 2197 solis
508 2155 598 2211 usqere
612 2139 652 2196 ad
665 2155 804 2211 oceasum,
817 2138 981 2196 humanum
991 2157 1091 2215 penus,

134 2239 246 2312 menrpe
261 2241 296 2295 ut
311 2241 464 2295 creatorem
483 2237 613 2295 emnium
631 2241 716 2310 meere
724 2237 867 2309 faetorem
882 2255 977 2310 snum,
994 2239 1094 2298 saiuti-

34 2349 113 2404 1:35⁸,
126 2338 205 2410 serm
224 2335 228 2406 Ι
248 2335 424 2409 consessione
437 2335 501 2408 ficte
516 2339 673 2394 ueneratur
691 2339 716 2394 et
735 2336 823 2406 eoiit‚·
845 2337 893 2393 cni
911 2337 1000 2395 ctiam
1015 2355 1092 2398 mur

131 2436 259 2496 mitates
276 2435 390 2506 imperii
410 2451 562 2507 rerumque
572 2438 730 2506 potestates
747 2435 907 2493 submissae
923 2440 1000 2509 sunt,
1021 2438 1093 2510 quia

131 2536 202 2594 eius
218 2533 404 2606 dipositionc
422 2533 553 2592 ornnirun
565 2533 710 2606 pruentia
728 2549 882 2606 repnorum
898 2534 1089 2594 conceditur‘⁸

130 2635 219 2693 Eius
247 2647 312 2705 erpa
340 2631 477 2690 bonitatis
503 2631 700 2690 misericordia
730 2633 819 2689 totius
847 2635 996 2691 neaerae
1021 2651 1093 2694 suae

130 2730 289 2792 dilatandi
312 2729 398 2788 unte·
425 2730 515 2788 ctiam
537 2731 570 2787 in
594 2729 791 2789 entremitate⁶
816 2734 910 2789 terrae
926 2733 1092 2803 positarum

126 2831 270 2907 peritiam
284 2829 369 2888 corda
380 2827 506 2903 sripida,
524 2829 626 2888 Sancti
641 2828 769 2902 Spiritus
775 2828 896 2902 fauore
911 2829 944 2887 in
961 2831 1009 2888 sui
1024 2847 1092 2904 pao

132 2949 194 3006 que
209 2929 361 3004 aperitione
374 2928 547 2987 mirabiliter
558 2929 599 2986 est
612 2926 735 3001 dipnata
747 2927 923 2986 acumine.

175 3029 264 3104 Quae
277 3028 400 3086 enimin
411 3027 528 3101 pbrriosi
537 3027 598 3100 filii
611 3025 703 3084 nostri
716 3023 909 3084 Audubateii⁸
919 3027 996 3100 repis
1002 3027 1093 3100 penti·

131 3131 248 3202 bessam
273 3127 300 3186 ci
321 3127 476 3200 surbpasitis
502 3125 709 3198 inlustratione,
738 3125 889 3183 mmernia
910 3124 1093 3185 Recinntoris

122 3229 230 3303 suerit
239 3229 363 3300 operata,
368 3223 961 3299 pteniusecuieinitateiacorumuestram
968 3223 1092 3297 pieriam

129 3327 298 3388 conicimus
319 3325 490 3398 copnouisse.
535 3323 615 3382 Eius
636 3339 700 3396 erpo
723 3321 856 3381 mirabile
878 3321 987 3380 donum
1009 3326 1037 3381 et
1057 3323 1091 3382 in

127 3427 218 3486 uobis
231 3427 308 3483 ceria
322 3439 377 3496 spe,
394 3423 508 3481 caelesti
526 3421 744 3495 tonaarrimitate
757 3420 883 3495 conferri
896 3421 1089 3494 confidimus,-

127 3545 201 3586 eurre
218 3523 350 3598 prosecta
371 3521 526 3597 pieriasam
553 3521 702 3595 eoniupem
728 3523 865 3592 neuram,
896 3537 971 3592 puae
997 3521 1090 3578 uestri

126 3625 261 3700 corporis
268 3639 341 3694 pars
355 3637 414 3679 esse
430 3619 595 3692 dinoscitur,
614 3619 794 3678 aeternitatis
802 3619 936 3691 praernio
942 3635 998 3691 pcr
1013 3619 1091 3676 sacri

128 3721 320 3798 baptismatis
361 3718 603 3793 repenerationem
647 3717 856 3775 intaminatam
903 3717 1085 3791 apnouimua

165 3871 240 3922 ¹·ne
253 3869 298 3919 11¹.
363 3867 523 3932 'protertur
534 3869 578 3929 H,
645 3867 749 3917 ³·dum
761 3869 789 3917 O.
855 3865 1089 3928 *seemst¹.13¹;

128 3949 292 4012 -deryturii
357 3949 549 3997 'exirimitsts
561 3945 606 3997 Μ’.
685 3943 835 3996 'eadbaldi
847 3943 884 3996 θ’,
