2859 4334
149 306 209 355 cn.
221 300 317 367 xxm]
450 288 565 356 Gentis
587 288 793 375 decoloratae
1031 288 1097 351 347

149 464 233 537 bant,
250 463 304 524 sed
319 482 384 523 non
399 462 571 524 secundum
588 464 749 525 scientiam
765 485 773 539 ;
794 462 1007 541 catholicoque
1024 461 1098 521 illos

148 566 241 641 atque
254 562 421 640 apostolico
436 583 522 622 more
535 562 785 637 celebrationem,
799 566 836 623 ut
850 563 997 637 diximus,
1013 582 1098 639 prae-

149 661 270 739 cipuae¹
286 661 507 722 sollemnitatis
519 662 578 721 sub
592 662 691 739 figura
708 681 842 722 coronae
855 661 992 739 perpetis
1007 679 1097 737 agere

148 760 315 838 perdocuit
361 761 449 836 Quod
464 759 542 820 mira
561 760 686 821 diuinae
705 763 827 821 constat
841 760 959 820 factum
977 759 1097 836 dispen·

149 857 269 920 satione
289 858 421 936 pictatis,
438 862 475 920 ut
499 859 648 936 quoniam
668 879 746 937 gens
768 858 945 936 illaquam
967 861 1098 918 nouerat

149 957 312 1019 scientiam
331 957 457 1017 diuinae
477 956 664 1035 cognitionis
680 957 816 1018 libenter
835 976 871 1016 ac
891 956 960 1017 sine
977 955 1099 1017 inuidia

149 1055 273 1133 populis
286 1056 464 1134 Anglorum
482 1056 713 1116 communicare
729 1056 851 1115 curauit
864 1076 871 1130 ;
893 1054 961 1131 ipsa
974 1074 1096 1131 quoque

150 1154 349 1230 postmodum
363 1174 419 1231 per
433 1158 561 1233 gentem
574 1154 753 1232 Anglorum
772 1154 807 1214 in
823 1154 877 1229 eis,
894 1173 973 1230 quae
991 1152 1099 1225 mirans

150 1252 308 1325 habuerat,
331 1253 369 1313 ad
395 1253 564 1330 perfectam
588 1252 716 1313 uiuendi
739 1272 883 1313 normam
907 1250 1092 1329 perueniret

150 1350 238 1411 Sicut
263 1352 387 1411 econtm
414 1352 588 1427 Brettones,
616 1351 671 1430 qui
699 1350 850 1413 nolebant
877 1350 993 1427 Anglia
1015 1369 1093 1424 eam,

152 1468 246 1525 quam
271 1448 435 1526 habebant,
463 1449 537 1510 fidei
559 1449 756 1511 Christianae
780 1449 925 1509 notitiam
949 1448 1091 1525 pandera

151 1547 350 1607 credentibus
365 1548 429 1609 iam
446 1548 571 1625 populis
589 1548 776 1625 Anglorum‚
793 1551 825 1608 et
841 1547 876 1607 in
898 1546 1006 1625 regula
1025 1546 1099 1605 fidei

151 1645 319 1706 catholicae
339 1666 396 1723 per
416 1646 523 1708 omnia
543 1647 710 1720 instructis,
728 1646 790 1723 ipsi
811 1646 912 1707 adhuc
933 1645 1099 1706 inueterat'

151 1747 183 1805 et
204 1744 410 1805 claudicantes
432 1765 450 1805 a
474 1744 595 1805 semitis
618 1744 691 1819 suis,
716 1748 749 1805 et
773 1745 873 1822 capita
896 1744 965 1805 sine
988 1763 1101 1804 corona

150 1843 368 1920 praetendunt,
386 1845 418 1903 et
431 1843 597 1905 sollemnia
610 1842 729 1907 Christi
741 1843 811 1904 sine
825 1842 970 1903 ecclesiae
983 1842 1101 1904 Christi

152 1941 297 2002 societate
311 1945 507 2003 uenerantur.

194 2040 405 2118 Susceperunt
422 2044 527 2101 autem
547 2040 694 2101 Hiienses
714 2040 862 2101 monachi
880 2041 1010 2100 docente
1026 2039 1101 2117 Ecg·
1118 2054 1258 2107 mouth,

154 2138 274 2200 bercto¹
303 2140 384 2199 ritus
411 2139 541 2201 uiuendi
568 2138 738 2200 catholicos
764 2138 824 2199 sub
851 2139 962 2199 abbate
990 2139 1099 2198 Duun·
1118 2115 1213 2171 Mar,
1227 2128 1272 2171 ⁷²⁹'

154 2237 277 2313 chado⁵,
301 2240 372 2315 post
393 2258 493 2298 annos
514 2239 636 2299 circiter
653 2238 784 2311 LXXX,
808 2258 846 2298 ex
871 2237 993 2314 quoad
1017 2256 1100 2313 prae·

153 2336 341 2397 dicationem
375 2336 478 2415 gentis
512 2336 688 2415 Anglorum
716 2337 901 2397 Aidanum⁴
928 2336 1104 2396 miserant⁸

153 2435 338 2496 antistitem.
369 2436 485 2496 Mansit
498 2439 603 2497 autem
614 2436 666 2496 uir
680 2435 810 2495 Domini
820 2435 989 2513 Ecgberct⁸
999 2454 1101 2495 annos

154 2534 242 2595 XIII
262 2534 295 2594 in
318 2535 454 2611 praefata
473 2534 585 2607 insula,
610 2554 705 2612 quam
725 2534 793 2611 ipse
816 2532 906 2595 uelut
927 2552 1010 2594 noua
1031 2553 1103 2610 qua·

154 2632 227 2693 dam
248 2632 404 2693 nelu'cente
426 2634 524 2711 gratia
546 2633 768 2694 ecclesiasticae
788 2632 944 2693 societatis
963 2635 995 2692 et
1018 2632 1103 2709 pacis

154 2732 280 2793 christo
300 2736 552 2808 consecrauerat3
573 2732 737 2810 annoque²
760 2732 934 2792 dominicae
964 2733 1102 2792 incarna-

154 2830 251 2891 tionis
267 2830 542 2906 Dccxxv1111⁸‚
560 2850 621 2909 quo
636 2832 767 2909 pascha’
781 2829 975 2891 dominicum
989 2831 1099 2890 octauo

154 2928 369 2991 Kalendarum
374 2929 525 2990 Maiarum
536 2930 587 2990 die
596 2929 843 3004 celebrabatur¹⁰,
855 2928 1101 2989 commissarum

154 3026 320 3089 sollemnia
340 3028 374 3087 in
396 3028 580 3089 memoriam
603 3028 743 3090 eiusdem
762 3027 936 3088 dominicae
955 3046 1104 3087 resurrec-

154 3126 252 3187 tionis
279 3126 469 3201 celebrasset,
500 3127 609 3189 eodem
638 3126 690 3187 die
722 3130 756 3187 et
785 3126 854 3203 ipse
885 3125 1032 3203 migrauit
1063 3126 1103 3187 ad

155 3226 338 3303 Dominum,
354 3246 390 3287 ac
403 3226 551 3304 gaudium
568 3245 711 3287 summae
726 3224 916 3298 ieatiuitatie,
932 3225 1103 3302 quodcum

154 3324 313 3395 iratribus,
330 3345 408 3402 quos
425 3324 464 3386 ad
483 3323 615 3385 unitatis
632 3325 764 3402 gratiam
782 3326 984 3399 conuerterat,
1001 3324 1105 3384 incho-

154 3424 229 3497 auit,
247 3442 319 3484 cum
334 3423 469 3485 Domino
484 3424 516 3483 et
532 3423 689 3501 apostolia
706 3422 876 3501 ceterisque
892 3422 969 3483 caeli
982 3423 1105 3483 ciuibus

156 3521 324 3599 conpleuit,
351 3524 451 3585 immo
478 3523 511 3584 id
539 3522 643 3600 ipsum
671 3522 825 3583 celebrare
852 3522 920 3582 sine
947 3522 1011 3582 fine
1038 3540 1103 3581 non

156 3620 280 3683 desinit.
325 3622 405 3683 Mira
424 3624 530 3683 autem
554 3620 681 3682 diuinae
702 3620 893 3699 dispensatio
916 3620 1106 3699 prouisionis

188 3802 325 3869 ¹·pnebi.
407 3802 599 3865 ¹·bercht003
616 3804 732 3854 -bareoto
742 3803 836 3868 wc).
928 3800 1104 3853 ¹·o'h'atolt.

155 3882 296 3934 ‘aed-13¹.
353 3882 517 3934 ‘mucul
531 3883 561 3933 0.
621 3881 797 3933 ⁸·berohtc.
846 3878 1105 3945 'annoquoquec.

154 3960 305 4014 ‘vmn
378 3964 485 4026 'pasca
497 3962 533 4015 M.
599 3958 618 3989 ¹⁰
635 3962 740 4011 ·bratur
751 3960 835 4012 C.B'.
