2859 4334
478 266 611 329 auctore
632 261 755 328 Boeda.
1026 261 1094 327 369

143 432 285 512 prouisor
298 432 419 512 inpiger
432 438 616 497 ornamenta
637 436 688 497 uel
709 436 909 497 munimenta
921 438 1094 511 conferret3

144 532 271 611 quarta¹
295 533 359 607 illo,
387 537 458 611 post
480 535 677 610 conpositum
703 535 790 597 iuxta
812 534 953 613 regulam
975 554 1095 595 monas·

144 632 267 705 terium,
284 632 474 709 profectione
487 634 631 711 conpleta
650 634 872 711 multipliciore
893 654 988 712 quam
1008 633 1096 710 prius

145 731 333 809 spiritalium
348 731 499 792 mercium
514 731 620 792 fenore
641 733 821 793 cumulatus
841 733 941 794 rediit
986 732 1096 792 Primo
1112 741 1244 787 nouum

146 830 229 907 quod
257 830 519 890 innumerabilem
543 832 683 891 librorum
707 832 814 892 omnis
837 832 960 909 generis
986 833 1102 907 coptam'
1113 799 1222 913 &¹11⁸ae

145 927 340 1004 adportauit;
370 928 513 989 Secundo
535 929 618 1005 quod
646 932 838 1005 reliquiarum
859 933 1008 990 beatorum
1030 948 1098 1005 apo
1113 920 1175 965 him.

147 1026 301 1086 stolorum
325 1029 545 1103 munimenque
565 1026 684 1089 Christi
706 1027 941 1089 habundantem
965 1028 1098 1105 gratiam

148 1125 261 1186 multis
270 1125 448 1204 Anglorum
459 1125 615 1185 aecclesiis
624 1126 822 1203 profuturam
835 1128 982 1201 aduexit3
996 1126 1101 1187 'l'ertio

149 1224 233 1301 quod
242 1226 371 1285 ordinem
380 1226 522 1285 contami
531 1223 686 1301 psallendi
698 1229 792 1302 atque
806 1229 839 1286 ia
852 1228 990 1287 aecclesia
1002 1226 1104 1287 minis·

149 1325 250 1385 troadi
263 1325 347 1383 iaala
359 1342 480 1383 morem
491 1324 641 1384 Ronmaae
649 1326 841 1386 institutionis
849 1344 906 1384 suo
915 1323 1103 1385 monasterio

150 1422 345 1497 contradidit,
362 1422 519 1499 postulato
541 1421 686 1482 uidelicet
706 1425 801 1501 atque
822 1425 945 1499 accepto
965 1422 1005 1482 ab
1025 1423 1105 1499 Aga·

150 1521 247 1581 thone
262 1540 341 1598 papa
353 1523 551 1582 archicantore
564 1524 716 1583 aecclesiae
730 1521 813 1582 beati
827 1522 959 1599 apostoli
972 1522 1060 1582 Petri
1073 1524 1106 1580 ot

151 1621 254 1681 abbate
281 1622 451 1683 mausona·
478 1622 553 1681 beati
580 1619 732 1683 Illarta'ai¹
755 1623 898 1695 Iotaaac,
931 1640 1024 1698 quem
1056 1620 1107 1679 sui

153 1718 298 1781 futurum
313 1719 499 1797 magistrum
513 1720 695 1780 monasterii
708 1721 910 1795 Brittannias,
928 1720 1107 1780 Romanum

153 1817 269 1894 Anglis
295 1818 467 1879 adduceret
514 1818 571 1895 Qui
598 1817 654 1877 illo
681 1819 877 1895 perueniens,
908 1838 975 1879 non
1002 1817 1104 1878 solum

154 1919 229 1978 aluo
242 1934 311 1977 uoce
324 1936 402 1994 quae
417 1916 533 1977 Romae
549 1917 658 1977 didicit
676 1918 899 1979 aecclesiastica
917 1914 1108 1977 discentibus

156 2014 308 2091 tradidit,
341 2016 395 2076 sed
424 2018 455 2075 et
483 2035 549 2075 nou
576 2036 672 2093 pauca
699 2017 795 2078 etiam
824 2019 930 2078 litteris
960 2016 1109 2076 mandata

157 2113 284 2192 reliquit
292 2114 310 2191 ³,
328 2134 407 2192 quae
421 2114 572 2175 hactenus
589 2116 624 2175 in
640 2116 780 2177 eiusdem
798 2115 980 2176 monasterii
997 2114 1109 2175 biblio·

158 2214 249 2277 theca
275 2214 443 2275 memoriae
470 2215 571 2291 gratia
597 2218 771 2277 seruantur.
820 2216 983 2291 Quartum,
1013 2214 1111 2275 Bene·

20 2344 63 2373 ‚10
159 2313 263 2375 dictus
290 2332 355 2373 non
379 2312 443 2373 uile
463 2332 580 2374 munus
598 2312 602 2385 Ι
621 2314 744 2385 adtulit,
767 2315 932 2391 epistolam
956 2312 1113 2390 priuilegii

159 2431 179 2475 a
205 2410 377 2473 uenerabili
401 2430 480 2488 papa
502 2412 669 2489 Agathone
693 2433 767 2473 cum
788 2413 923 2487 licentia,
948 2430 1110 2482 consensu,

161 2510 322 2586 desiderio,
353 2514 386 2570 et
417 2510 543 2572 hortatu
570 2511 709 2589 Ecglridi
743 2512 825 2590 regis
857 2514 1023 2588 acceptam,
1053 2528 1115 2586 qua

162 2610 397 2683 monasterium,
421 2609 505 2686 quod
525 2609 608 2684 lecit,
628 2610 668 2671 ab
688 2612 776 2671 omni
797 2630 924 2687 prorsus
942 2609 1115 2687 extrinseca

162 2708 336 2787 irruptione
367 2709 473 2768 tutum
507 2711 658 2787 perpetuo
685 2709 867 2770 redderetur
899 2728 934 2769 ac
969 2706 1112 2767 liberum.

163 2808 328 2884 Quintum,
359 2808 497 2883 picturas
530 2807 705 2885 imaginum
744 2810 921 2869 mactarum
963 2826 1041 2883 quas
1076 2804 1115 2865 ad

163 2906 359 2969 ornandam*
393 2906 572 2967 aecclesiam
606 2906 689 2967 beati
724 2906 813 2967 Petri
845 2906 985 2984 apostoli,
1022 2924 1116 2981 quam

165 3008 389 3075 constnrxerat,
414 3004 548 3081 detulit;
573 3005 744 3083 imaginem
764 3005 909 3066 uidelicet
929 3004 1039 3065 beatae
1059 3002 1119 3062 Dei

83 3116 85 3121 ’
166 3104 331 3185 genetricis
358 3124 542 3182 semperque
566 3105 700 3184 uirginis
723 3104 847 3181 Mariae,
872 3103 968 3165 simul
991 3106 1023 3163 et
1046 3102 1120 3163 duo·

167 3204 269 3265 decim
283 3203 502 3279 apostolorum,
520 3203 634 3281 quibus
647 3203 785 3265 mediam
798 3204 938 3265 eiusdem
957 3201 1120 3264 aecclesiae

169 3301 368 3377 testudinem,
400 3302 494 3364 ducto
522 3322 541 3363 a
568 3303 685 3386 pariete
713 3304 753 3364 ad
782 3304 933 3381 parietem
962 3300 1121 3362 tabulato⁸

170 3401 400 3481 praecingeret;
432 3400 585 3479 imagines
611 3402 807 3481 euangelicos
832 3401 979 3461 historiae
1006 3400 1121 3477 quibus

170 3500 340 3562 australem
374 3502 538 3562 aecclesiae
572 3502 723 3580 parietem
754 3500 932 3572 decoraret;
968 3499 1123 3577 imagines

171 3598 331 3661 unionum
358 3600 540 3677 apocalipsis
566 3600 649 3661 beati
677 3599 837 3675 Iohannis,
861 3599 977 3677 quibus
1003 3600 1123 3675 septen·

173 3696 339 3759 trionalem
359 3716 456 3776 aeque
476 3698 628 3776 parietem
648 3700 783 3772 ornaret,
800 3697 948 3775 quatinus
968 3696 1123 3757 intrantes

208 3862 428 3927 ¹quartaigitur
438 3870 469 3913 Δ.
656 3862 710 3914 ’et
721 3862 818 3914 abbate
830 3899 837 3913 .
849 3899 856 3913 .
869 3896 877 3911 .
892 3862 1023 3911 martini
1034 3876 1080 3911 ora.
1092 3868 1122 3915 Δ.

174 3940 185 3971 ⁸
202 3942 279 4007 qnid
290 3940 337 4005 H,
421 3942 431 3972 ⁴
448 3941 613 3993 adorandam
625 3948 656 3991 Δ.
733 3942 744 3972 ⁵
759 3944 797 3991 ·ta
808 3940 855 4005 11,
870 3941 904 3993 D.
916 3941 964 4007 11,
976 3940 1006 3991 Ρ.
1017 3939 1048 3990 B.
1060 3939 1091 3991 Ρ.

623 4026 679 4089 ab
