2859 4334
156 271 326 340 cn.xvt1.]
459 261 574 329 Gentis
596 260 803 347 Amplorunt.
1045 260 1108 322 119

154 445 307 509 AEduino¹
332 449 392 524 repi
412 445 578 524 Arpinum
600 447 751 507 Honorius
769 447 915 522 episeopus
933 462 1035 505 seruus
1054 461 1109 504 serb
1123 455 1257 559 gemm,

152 567 260 608 nomm
276 549 331 608 Dei
345 549 474 608 salutem.
1122 528 1191 632 ζ’
1203 529 1232 572 '¹’

193 649 247 706 Ita
265 647 494 708 Christianitatis
508 649 620 706 uestrae
639 647 788 720 intepritas
801 646 876 704 eirea
894 645 941 703 sui
954 643 1107 703 urreditoris

152 745 263 803 cultum
276 745 350 818 fidei
369 749 410 804 est
431 745 530 804 ardore
551 762 692 817 succenso,
709 748 744 802 ut
764 744 844 817 torpe
864 735 974 816 trouu
990 743 1108 816 resplen-

152 843 226 917 deat,
240 847 266 902 et
280 846 313 901 in
322 845 400 902 omni
410 844 519 902 mundo
527 843 705 902 adnuntiata
714 844 804 901 uestri
814 842 906 915 operis
914 841 1110 914 multiplieiter

151 941 257 1015 reserat
264 942 406 1014 sruetmn
451 941 500 1002 Sir
517 944 593 1000 enim
607 959 661 1000 uos
675 958 753 1016 repes
770 958 828 1000 esse
845 941 1016 1015 eopnosettrs,
1035 939 1105 999 dum

153 1057 244 1114 repom
264 1045 290 1099 et
310 1039 467 1101 Creatorem
484 1044 614 1101 uestrum
627 1040 784 1100 orthodoeo
791 1039 1004 1114 praedicatam
1016 1039 1106 1098 edocti

151 1139 249 1198 Deam
258 1140 420 1199 uerrerendo
429 1140 550 1212 mediiis,
562 1142 649 1213 eique,
661 1139 738 1213 quod
746 1139 875 1197 bumana
884 1139 962 1197 ualet
969 1139 1103 1208 condicio,

152 1239 257 1296 mentis
269 1242 380 1297 orostrae
393 1239 535 1296 anonam
549 1238 724 1297 demtionem
737 1236 890 1296 exsoluitr's
937 1236 1019 1311 erod
1031 1239 1106 1295 anun

150 1337 212 1396 Deo
225 1341 323 1396 nostro
336 1335 420 1394 aliud
432 1335 532 1408 offerre
545 1336 713 1410 ualebimus,
730 1335 790 1394 nisi
807 1338 842 1394 ut
855 1336 888 1392 in
901 1335 983 1393 bonis
995 1335 1107 1394 notibus

143 1436 333 1512 persistentes,
352 1437 502 1508 ipsumque
515 1429 658 1494 auctorem
675 1435 798 1493 inmani
808 1434 920 1508 penoris
932 1434 1103 1506 eonfiterrtes,

150 1552 217 1594 eum
230 1535 324 1608 colere,
337 1535 417 1608 eique
430 1537 500 1592 uoto
512 1537 612 1593 nostra
624 1533 738 1592 reddere
744 1532 941 1605 festinemus?
974 1531 1017 1590 Et
1030 1532 1101 1604 ideo,

150 1635 379 1694 maturissime
400 1633 458 1707 fili,
483 1637 609 1708 paterna
635 1651 690 1692 uos
716 1635 841 1704 raritate,
872 1648 932 1705 quo
963 1635 1102 1706 oonuenit,

150 1733 342 1806 erbomamur,
359 1736 393 1790 ut
406 1732 464 1804 bor,
482 1731 558 1806 quod
571 1749 624 1791 uos
637 1731 742 1790 diuina
756 1731 951 1790 misericordia
967 1731 1008 1790 od
1021 1749 1106 1790 suom

149 1833 278 1906 proteum
290 1849 393 1891 uocare
409 1831 531 1905 dipnata
548 1835 597 1904 est,
614 1831 738 1890 sollieito
755 1831 911 1889 intentione
928 1833 955 1888 et
972 1830 1106 1890 adsiduis

151 1931 331 1990 orationibus
353 1947 469 1990 seruare
492 1929 655 1989 onmimodo
671 1929 836 2002 festinetis;
863 1933 904 1997 ut,
929 1931 980 2004 qui
999 1947 1052 1988 uos
1071 1931 1104 1987 in

144 2031 296 2104 promerui
316 2030 428 2089 soeculo
448 2045 483 2086 ee
502 2029 582 2088 omni
602 2045 695 2087 errore
711 2029 855 2088 absolutos
872 2029 912 2087 ad
928 2029 1104 2102 spuitionem

149 2128 199 2188 sui
222 2129 350 2188 nominis
380 2131 422 2188 ost
450 2127 588 2202 dipnatus
601 2127 766 2200 perducere,
792 2131 819 2185 et
842 2128 970 2186 omlestis
985 2128 1104 2200 patriae

150 2227 235 2286 uobis
255 2230 411 2300 praeparet
434 2228 623 2286 morosiorem
667 2226 883 2286 Praedicatoris
905 2227 996 2300 ipitur
1015 2227 1105 2285 rrestri

150 2325 264 2384 domini
277 2327 333 2384 mei
343 2325 671 2400 apostolieaememoriae
683 2325 813 2398 Greporii
816 2326 984 2398 frequenter
990 2325 1105 2384 lectione

149 2425 290 2497 oemrpali,
301 2441 376 2497 prae
393 2423 483 2483 oeuli's
500 2421 638 2494 affectum
656 2423 803 2482 doetrinae
820 2424 919 2496 ipsius,
937 2420 1039 2496 ouem'
1047 2440 1105 2496 pro

149 2522 256 2582 uestris
269 2521 425 2580 animabus
439 2521 558 2580 libenter
574 2521 704 2594 maeuii,
722 2521 867 2592 habetote3
889 2523 1029 2594 quatinus
1042 2521 1105 2579 arn

148 2621 241 2680 oratio
269 2624 297 2679 ei
322 2637 443 2694 repnum
470 2623 598 2678 uedmm
619 2620 818 2694 populumque
851 2623 962 2694 aupeat,
994 2623 1020 2678 et
1051 2636 1105 2678 nos

147 2719 337 2792 omnipotenti
358 2717 419 2778 Deo
437 2717 698 2792 inreprehensibiles
717 2722 909 2791 repraesentet.
953 2718 1004 2777 Ea
1024 2735 1100 2790 uero,

147 2834 222 2892 quoe
234 2835 254 2876 a
267 2817 350 2876 nobis
361 2835 417 2890 pro
435 2817 540 2876 ueris
557 2816 752 2876 sacerdotibus
771 2815 940 2875 ordinanda
956 2816 1099 2889 sperastis,

146 2915 235 2976 baec*
250 2933 308 2990 pro
324 2915 398 2989 fidei
417 2919 529 2974 uestrae
544 2916 713 2986 sinceritate,
736 2932 810 2989 pirae
827 2915 912 2974 nobis
930 2914 1104 2973 multimoda

146 3015 284 3075 relatione
298 3031 354 3088 per
362 3015 562 3088 praesentium
577 3014 729 3088 portitores
745 3014 933 3072 laudabiliter
951 3013 1104 3072 insinuato

144 3118 195 3188 eet,
219 3113 367 3186 proruero*
392 3113 490 3172 aninro
512 3112 674 3171 adtribuere
698 3112 761 3171 ulla
780 3113 844 3170 sine
863 3111 1001 3170 dilatione
1018 3129 1101 3185 prae

144 3211 300 3284 remmus·
329 3215 356 3270 et
375 3211 433 3270 duo
443 3211 541 3284 pallia
560 3215 747 3284 utrorumque
766 3211 1054 3284 metropolitanam,
1070 3210 1103 3268 id

144 3315 188 3370 est
210 3309 343 3369 Honorio
365 3313 392 3368 et
414 3309 551 3384 Paulino,
577 3309 742 3383 direeimus,
767 3313 807 3382 ut,
830 3309 901 3367 dum
922 3310 988 3383 puis
1005 3327 1104 3368 eonem

145 3409 182 3468 de
194 3407 246 3467 troo
260 3409 372 3467 saecum
382 3407 423 3468 od
436 3411 581 3468 auctorem
601 3425 689 3467 suum
704 3408 804 3480 fuerit
822 3409 981 3479 arcessitus,
999 3408 1032 3465 in
1046 3407 1104 3466 loeo

37 3521 88 3576 eur
101 3525 124 3568 u
146 3509 241 3583 iprsias
264 3507 338 3568 aiter
359 3509 523 3582 episcoprum
545 3523 579 3568 eo
600 3507 655 3567 boo
673 3503 795 3580 inostro
812 3507 981 3566 auctoritate
1005 3506 1104 3566 debeat

144 3607 307 3682 subrepam.
350 3605 434 3682 Qtrod
446 3607 563 3681 quidm
578 3610 638 3666 tam
645 3625 701 3682 pm
714 3610 828 3666 nestrae
840 3607 972 3666 oarilatis
985 3605 1099 3680 offerta,

180 3823 188 3852 ¹
205 3821 326 3872 oduuino
337 3823 358 3872 G
369 3838 376 3882 ς
393 3821 493 3872 eduino
504 3821 535 3872 B.
573 3820 584 3850 ¹
600 3822 672 3885 quod
683 3821 720 3873 Μ.
734 3823 762 3884 O,
775 3825 904 3871 memoriis
915 3820 945 3871 B.
981 3820 991 3850 ⁸
1004 3822 1056 3872 hoo
1067 3821 1103 3872 bi.

144 3901 155 3931 ⁶
171 3902 297 3966 gratuitu
309 3899 343 3950 bb
355 3901 384 3952 G.
