2859 4334
138 238 285 307 csr.x11.]
439 228 555 297 Geniis
577 229 783 315 Anplotccm.
1021 228 1088 293 307
1162 262 1192 267 ·—

138 424 191 465 mc
211 404 296 466 ocius
316 405 475 479 festinans,
498 403 552 465 ubi
572 403 844 482 adpropinquauit,
864 402 996 481 dispcrsi
1013 406 1089 464 sunt

138 507 171 564 et
184 503 373 581 aufugerunt
383 501 391 534 ¹
403 522 520 577 omncs,
533 504 588 580 qui
602 523 653 563 me
667 503 837 581 forcipibus
852 522 958 580 rapere
966 522 1089 579 quaere·

138 602 216 661 bant
229 602 358 679 spiritus
370 602 486 662 infesti

183 700 263 761 ‘Ille
284 703 397 776 autem,
422 700 475 777 qui
500 699 671 761 adueniens
693 719 747 761 eos
766 699 897 778 fugauit,
922 703 988 760 erat
1010 699 1085 777 ipse,

139 800 194 877 qui
207 820 259 859 mc
271 803 345 861 ante
358 800 489 860 ducebat
503 821 511 874 ;
532 798 586 877 qui
601 818 676 859 mox
694 818 865 860 conuersus
883 800 921 860 ad
941 800 1089 860 dextrum

139 899 208 974 iter,
234 900 322 977 quasi
346 902 454 959 contra
477 901 583 959 ortum
604 897 679 957 solis
700 897 876 959 brumalem
898 918 951 958 me
975 899 1088 959 ducere

138 996 249 1075 coepit.
303 998 368 1057 Nec
390 1016 485 1071 mora,
510 1001 671 1057 exemtum
693 995 829 1057 tenebris
856 996 891 1057 in
917 1016 1009 1060 auras
1036 1017 1089 1057 me

138 1114 264 1156 serenae
276 1094 354 1156 lucis
363 1095 470 1155 eduxit
482 1116 489 1169 ;
508 1114 643 1172 cumque
654 1095 748 1155 mein
759 1095 828 1155 luce
837 1097 944 1171 aperta
953 1095 1085 1168 duceret,

139 1193 207 1254 uidi
236 1196 310 1254 ante
340 1212 398 1253 nos
431 1212 560 1253 murum
594 1191 835 1269 permaximum,
866 1190 955 1251 cuius
989 1210 1090 1268 neque

139 1290 331 1369 longitudini
352 1290 427 1351 hinc
447 1290 498 1351 uel
519 1290 600 1367 inde,
618 1310 721 1367 neque
737 1289 899 1351 altitudini
919 1288 1005 1350 ullus
1023 1309 1090 1350 esse

138 1390 292 1449 terminus
319 1390 484 1450 uideretur.
528 1388 623 1465 Oocpi
649 1391 754 1448 autem
781 1388 898 1462 mirari,
928 1406 1023 1464 queue
1050 1388 1089 1447 ad

138 1508 268 1551 murum
289 1490 510 1562 accederemus,
528 1508 601 1548 cum
622 1488 656 1547 in
677 1508 713 1548 eo
734 1488 857 1548 nullam
877 1487 1013 1560 ianuam,
1037 1487 1090 1547 uel

138 1588 317 1663 fenestram,
343 1587 395 1647 uel
422 1606 586 1647 ascensum
610 1585 725 1646 alicubi
746 1586 965 1664 conspicerem.
1008 1586 1090 1647 Cum

139 1706 214 1765 ergo
240 1687 490 1765 peruenissemus
517 1686 557 1746 ad
585 1704 721 1761 murum,
751 1687 860 1747 statim
893 1686 998 1747 nescio
1026 1706 1090 1764 quo

139 1784 250 1845 ordine
263 1786 382 1846 fuimus
395 1785 429 1845 in
443 1785 625 1846 summitate
645 1786 720 1846 eius
764 1786 807 1845 Et
821 1805 890 1845 ecce
903 1785 948 1845 ibi
961 1804 1090 1861 campus

29 1911 37 1935 ‹
68 1910 89 1941 a
139 1885 206 1945 crat
233 1884 404 1945 latissimus
426 1888 431 1958 Ι
453 1903 487 1944 ac
520 1883 716 1960 laetissimus,
748 1888 897 1962 tantaque
926 1883 1090 1961 dementia

138 1983 338 2045 uomentium
352 1980 549 2043 flosculorum
559 1983 678 2060 plenus,
693 1986 730 2043 ut
739 2002 866 2044 omnem
876 2003 950 2044 mox
958 1983 1090 2076 fetorem

139 2080 315 2142 tenebrosi²
337 2080 477 2155 fornacis,
503 2081 557 2158 qui
581 2101 633 2142 me
652 2086 838 2159 peruaserat,
862 2083 1013 2160 effugaret
1036 2082 1090 2142 ad·

139 2180 277 2241 mirandi
304 2179 398 2240 huius
423 2180 561 2241 suauitas
593 2181 705 2243 odoris.
761 2184 862 2243 Tanta
894 2186 1000 2244 eutem
1034 2173 1091 2241 lux

139 2282 253 2339 cuncta
266 2298 301 2339 ea
314 2278 382 2339 loca
398 2276 584 2355 perfuderat,
601 2282 638 2341 ut
659 2280 747 2340 omni
765 2281 929 2358 splendore
947 2280 1010 2342 diei
1023 2280 1091 2341 siue

139 2378 215 2439 solis
229 2376 392 2439 meridiani
405 2377 502 2438 radiis
515 2378 674 2439 uideretur
683 2379 949 2456 essepraeclarior.
983 2380 1092 2443 Erant·

139 2476 220 2555 que⁸
247 2476 282 2537 in
310 2476 368 2537 hoc
395 2497 504 2557 campo
531 2478 697 2539 innumera
725 2477 890 2539 hominum
917 2480 1091 2541 albatorum

139 2574 366 2647 conuentieula,
383 2576 533 2654 sedesque
546 2575 699 2653 plurimae
719 2576 882 2654 agminum
896 2577 1088 2641 laetantium.

139 2674 283 2751 Cumque
307 2674 390 2735 inter
411 2675 521 2737 choros
542 2674 681 2736 felicium
704 2675 876 2736 incolarum
897 2678 1016 2738 medios
1040 2698 1091 2738 me

139 2776 275 2849 duceret,
292 2774 425 2853 cogitare
440 2776 534 2853 coepi,
552 2776 634 2853 quod
648 2776 707 2835 hoc
722 2775 851 2836 fortasse
864 2780 946 2838 esset
959 2798 1092 2855 regnum

139 2870 305 2947 caelorum,
320 2874 358 2933 de
369 2894 432 2951 quo
441 2874 612 2951 praedicari
626 2873 749 2952 saepius
759 2875 875 2935 audiui.
920 2876 1092 2953 Respondit

140 2970 195 3031 ille
215 2971 363 3049 cogitatui
383 2991 475 3034 meo:
510 2972 642 3048 “Non”
667 2972 822 3050 inquiens,
849 2974 942 3035 “non
966 2976 1025 3036 hoc
1044 2979 1092 3037 est

141 3089 277 3147 regnum
291 3071 456 3146 caelorum,
474 3072 556 3148 quod
570 3072 743 3133 autumas.”

185 3168 345 3246 ‘Cumque
356 3170 557 3259 procedentes
569 3170 789 3231 transissemus
807 3173 838 3230 et
857 3170 914 3232 has
930 3172 1093 3235 beatorum

140 3266 322 3329 mansiones
335 3268 512 3346 spirituum,
529 3268 644 3346 aspicio
658 3271 731 3329 ante
749 3289 807 3330 noa
820 3271 923 3330 multo
942 3272 1093 3334 maiorem

140 3366 274 3427 luminIs
287 3366 420 3443 gratiam
435 3388 530 3446 quam
543 3368 650 3445 prius3
671 3368 706 3428 in
721 3387 782 3445 qua
795 3368 889 3428 etiam
901 3388 1012 3444 ¹uocem
1027 3392 1095 3432 cou-

142 3465 281 3527 tentium
303 3466 516 3527 dulcissimam
536 3466 662 3541 audiui;
684 3466 738 3526 sed
757 3470 788 3527 et
808 3467 911 3528 odoris
931 3468 1095 3547 flagrantia

141 3564 218 3625 miri
239 3566 328 3626 tanta
348 3566 386 3626 de
407 3565 475 3625 loco
496 3564 721 3639 effundebatur,
748 3567 785 3624 ut
805 3565 840 3640 is,
868 3586 962 3643 quem
983 3571 1094 3629 antea*

141 3662 313 3741 degustans
326 3664 414 3742 quasi
429 3662 602 3724 maximum
616 3662 713 3738 rebar,
728 3662 791 3723 iam
802 3665 999 3741 permodicus
1012 3666 1093 3728 mihi

174 3822 184 3853 ¹
202 3822 332 3873 auserunt
342 3822 387 3884 λίς
403 3822 563 3887 sategerunt
574 3822 617 3873 B'.
629 3819 671 3875 N¹.
754 3820 764 3850 ²
780 3830 813 3877 εἰσ
824 3825 858 3875 Μ.
871 3825 903 3876 Β.
915 3826 961 3886 C.;
973 3843 1027 3877 eae
1039 3830 1094 3893 1123

141 3900 265 3953 tenebris
276 3900 319 3953 Νι.
392 3900 403 3931 ³
418 3904 496 3951 erant
508 3916 625 3965 namque
637 3902 666 3954 0.
679 3901 721 3958 B'.
787 3902 797 3933 ⁴
813 3907 877 3955 anto
888 3920 920 3954 aa
931 3905 969 3958 n.

595 4000 617 4042 X
634 4001 649 4042 2
