2859 4334
320 253 384 315 262
588 247 746 313 Historia
768 245 999 312 Ecclesiastico
1145 255 1214 321 [nm.
1226 260 1268 307 tv.

319 444 429 486 omnes
443 423 685 500 placidissimam
700 441 734 481 se
750 423 890 480 mentem
908 421 946 480 ad
963 420 1064 494 illum,
1082 423 1115 479 et
1127 419 1166 478 ab
1181 421 1271 478 omni

320 524 366 583 irc
375 525 526 582 remotam
536 521 658 594 habere,
667 539 801 596 cumque
809 520 949 579 uicissim
957 519 1107 594 rogabunt
1115 518 1270 596 placidam

321 643 394 700 erge
408 621 491 698 ipsos
506 623 645 680 mentem
660 619 780 679 habere
827 619 888 693 Qui
906 618 1071 678 confestim
1085 616 1269 693 respondit:

323 720 499 780 ‘Placidum
515 739 571 796 ego
585 722 734 792 mentem,
748 717 847 784 filioli,
858 736 931 794 erga
944 736 1055 777 omnes
1066 716 1123 776 Dei
1134 715 1271 775 famulos

320 819 412 897 gero)
447 817 558 893 Sicque
569 836 601 876 se
613 816 738 876 caelesti
749 817 897 875 muniens
907 816 1029 889 uiatico,
1043 815 1128 874 uitae
1141 813 1271 872 alterius

319 916 474 995 ingressui
499 915 639 992 parauit;
660 919 693 974 et
713 915 926 991 interrogauit,
951 934 1045 990 quam
1065 932 1160 990 prope
1188 915 1271 970 esset

321 1016 405 1089 hora,
420 1035 482 1091 qua
491 1015 601 1072 fratres
611 1014 649 1072 ad
661 1013 808 1073 dicendas
819 1011 973 1072 Domino¹
985 1012 1092 1072 laudes
1101 1013 1271 1070 nocturnas

321 1113 448 1174 excitari
477 1112 633 1171 deberent.
679 1112 943 1188 Respondebant:
968 1111 1056 1170 ‘Non
1084 1111 1179 1185 longe
1202 1110 1271 1168 est’

320 1215 366 1273 At
386 1211 459 1271 ille:
484 1211 598 1284 ‘Bene
616 1229 690 1287 crgo
710 1214 926 1287 exspectemus
946 1211 1056 1269 horam
1076 1208 1187 1267 illsm'
1229 1208 1272 1267 Et

320 1311 449 1387 signans
469 1328 502 1370 ee
528 1309 618 1386 signo
646 1313 771 1369 sanctae
799 1308 898 1369 crucis
924 1308 1089 1368 reclinanit
1116 1309 1210 1383 caput
1232 1307 1271 1366 ad

321 1408 459 1481 ceruicul,
491 1407 710 1484 modicumque
740 1407 938 1467 obdormiens
966 1407 1011 1466 ita
1045 1425 1118 1466 cum
1146 1405 1273 1464 silentio

320 1505 419 1564 uitem
434 1501 547 1562 finiuit.
591 1503 703 1579 Sicqne
714 1503 831 1563 fectum
842 1506 897 1576 est,
908 1506 953 1575 ut,
967 1501 1125 1578 quomodo
1135 1500 1273 1576 simplici

320 1623 355 1662 ec
372 1622 449 1678 pure
467 1605 573 1660 mente
588 1602 817 1679 tranquillaque
837 1601 1003 1661 deuotione
1023 1601 1159 1660 Domino
1180 1599 1274 1658 senri-

321 1706 395 1775 erat,
415 1701 460 1760 ita
480 1699 576 1760 etium
599 1700 769 1777 tranquille
789 1704 891 1759 morte
911 1699 1068 1760 mundum
1091 1697 1274 1774 relinquens

321 1801 359 1860 ad
388 1799 455 1858 cius
483 1799 636 1858 uisionem
664 1799 795 1872 ueniret,
826 1799 943 1875 illeque
970 1798 1087 1875 lingue,
1118 1817 1199 1873 quse
1225 1801 1274 1856 tot
1410 1803 1412 1890 l

322 1899 469 1960 salutaria
498 1898 592 1957 uerba
626 1899 660 1958 in
694 1898 819 1957 laudem
846 1897 1025 1959 conditoris
1057 1899 1272 1972 conposuerat,
1411 1913 1412 1980 p

322 1998 434 2057 ultime
462 2015 586 2073 quoque
614 1997 710 2056 uerbo
742 1997 776 2056 in
804 1997 928 2056 laudem
960 1996 1068 2073 ipsius,
1098 1995 1277 2072 signando¹

232 2121 236 2135 =
323 2115 397 2171 sess,
419 2100 451 2155 et
471 2095 617 2171 spiritum
638 2115 732 2155 suum
753 2096 787 2154 in
808 2115 920 2155 manus
938 2095 1006 2155 eius
1026 2093 1278 2154 commendando

324 2194 501 2268 clauderet3
523 2193 577 2270 qui
595 2193 690 2252 etiam
711 2194 868 2270 praescius
888 2194 938 2254 sui
956 2194 1061 2254 obitus
1081 2195 1224 2253 extitisse
1241 2212 1282 2252 ex

324 2292 382 2367 his,
401 2294 698 2370 quce'nerrauimus,
717 2293 849 2353 uidetur.

601 2520 692 2580 cAP.
717 2514 988 2599 xx111[xxv].

367 2672 447 2726 Qualis
458 2672 520 2716 nisio
531 2673 626 2716 cuidam
637 2672 690 2716 niro
702 2672 745 2716 Dn'
755 2672 899 2728 apparuerit,
908 2672 1052 2727 prinsquam
1063 2675 1238 2720 momerium

512 2746 658 2796 wludonoe³
671 2751 738 2795 urbis
748 2753 804 2795 esset
815 2751 920 2795 incendic
931 2755 1085 2796 coruumtam.

366 2864 430 2924 H1s
445 2865 638 2940 temporibus
648 2865 873 2926 monesterium
884 2865 1055 2942 uirginum,
1069 2868 1153 2944 qnod
1165 2869 1282 2929 Coludi

241 2956 264 2986 θ’
325 2964 446 3024 Urbem
468 2963 697 3040 cognominant,
716 2964 805 3024 cuius
825 2966 857 3023 et
877 2984 971 3041 supra
990 2966 1207 3039 meminimus,
1225 2988 1286 3044 per

171 3075 203 3104 Ν·
325 3063 450 3139 culpem
465 3061 601 3122 incuriae
615 3062 752 3123 flammis
764 3063 946 3122 absumtum
963 3068 1018 3124 est.
1065 3064 1155 3138 Quod
1171 3071 1284 3126 tamen

325 3161 480 3221 smelitis
500 3161 748 3220 inhabitantium
769 3161 802 3221 in
820 3181 856 3220 eo
864 3163 883 3234 ⁴,
904 3165 936 3221 et
952 3163 1117 3238 praecipue
1135 3164 1280 3230 illorum.
1301 3171 1380 3240 eth
1411 3199 1412 3210 ,

325 3260 380 3336 qui
403 3259 537 3319 maiores
558 3279 624 3318 esse
649 3260 844 3333 uidebantur,
871 3260 1046 3337 contigisse,
1074 3281 1193 3336 omnes,
1223 3264 1284 3340 qui
1301 3245 1387 3283 Μ’

326 3377 447 3430 nouere,
464 3357 613 3417 facillime
626 3361 798 3434 potuerunt
812 3359 981 3418 aduertere.
1025 3360 1086 3420 Sed
1102 3381 1167 3420 non
1176 3361 1283 3421 defuit

325 3455 493 3531 puniendis
506 3455 678 3515 admonitio
692 3456 817 3516 diuinae
835 3456 968 3532 pietatis,
986 3477 1048 3534 qus
1061 3460 1187 3518 correcti
1197 3461 1209 3488 ⁸
1221 3480 1285 3535 per

326 3553 448 3628 ieiunia,
466 3555 566 3628 fletus,
584 3558 615 3615 et
628 3575 735 3630 preces
748 3556 827 3615 iram
841 3576 859 3615 a
872 3575 915 3630 se,
929 3555 1030 3615 instar
1044 3557 1281 3627 Nineuitarum,
1302 3574 1335 3640 er.
1349 3571 1391 3612 102.

308 3651 400 3712 ,iusti
415 3652 533 3712 Iudicis
547 3658 733 3714 auerterent.
1304 3634 1341 3676 ὼ
1353 3643 1412 3684 ⁵⁴*

358 3813 367 3842 ¹
384 3815 433 3865 deo
442 3818 469 3865 G.
582 3817 592 3845 ¹
608 3819 741 3880 signando
753 3833 796 3868 ona.
810 3818 1020 3880 0.0,¹.1>.nc.;
1054 3822 1164 3882 signans
1174 3820 1228 3885 0¹¹.
1242 3821 1286 3878 0..

326 3893 470 3954 0„.,2.0„.
571 3897 689 3947 ¹·neM.
791 3899 896 3947 ⁴enli.
998 3901 1161 3963 ⁵·reptiN·.
