2859 4334
369 243 432 306 176
637 241 676 305 H
676 240 796 306 amrin
817 237 1049 306 Ecclesiastico
1192 245 1304 312 [inin.

366 421 525 492 restarent,
543 417 631 477 uenit
649 417 704 495 qui
723 417 869 478 clamaret
886 436 960 477 eum
980 416 1020 476 ad
1036 433 1151 492 regem.
1196 416 1239 473 At
1250 408 1304 482 ille,

366 537 407 577 ne
428 537 506 594 opus
526 517 707 594 religiosum
724 517 921 594 negotiorum
942 515 1097 593 regalium
1116 533 1208 574 eausa
1226 513 1306 571 inter·

367 616 552 691 mitteretur,
569 616 661 693 petiit
676 615 895 694 presbyterum
913 635 1007 675 suurn
1021 613 1219 690 cynibillum
1229 608 1246 682 ¹,
1260 605 1306 685 qui

368 715 462 774 etiam
477 716 573 774 frater
586 735 753 792 germanus
766 718 831 775 erat
845 714 951 791 ipsius,
969 714 1021 790 pia
1038 715 1147 789 coepta
1164 708 1304 786 conplere.

368 814 426 874 cui
454 834 525 874 cum
559 814 613 885 ille
647 814 783 875 libenter
813 813 1033 891 adquiesceret,
1063 811 1191 887 expleto
1217 805 1307 868 studio

368 911 557 972 ieiuniorum
582 915 614 972 et
636 912 793 986 orationis,
813 913 888 972 lecit
911 911 958 971 ibi
981 907 1219 982 monasterium,
1237 901 1306 983 quod

368 1031 453 1070 nuno
468 1010 695 1088 Laestingaeu²
709 1015 847 1086 uocatur,
863 1015 896 1072 et
910 1010 1065 1088 religiosis
1079 1008 1222 1069 moribus
1234 1005 1308 1064 iuxta

368 1109 447 1169 ritus
461 1110 776 1184 Lindislarnensium,
789 1110 845 1170 ubi
859 1112 1007 1171 educatus
1020 1111 1093 1182 erat,
1111 1105 1257 1167 instituit

410 1207 560 1282 Quicum
582 1210 674 1268 annis
695 1208 806 1269 multis
821 1214 853 1268 et
871 1209 905 1269 in
928 1209 1066 1286 praelata
1083 1205 1245 1284 pnouinoia
1260 1199 1310 1277 epi·

368 1310 529 1383 scopatum
554 1307 797 1383 administraret,
822 1311 854 1368 et
875 1307 971 1368 huius
995 1325 1120 1384 quoque
1141 1297 1310 1364 monasterii

369 1405 494 1464 statutis
515 1406 682 1482 propositis
702 1426 809 1466 curam
829 1409 958 1482 gereret,
976 1425 1049 1465 casu
1068 1404 1211 1481 contigit,
1228 1405 1261 1463 ut
1277 1396 1310 1457 ad

369 1504 473 1580 ipsum
497 1505 722 1564 monasterium
744 1509 885 1582 tempore
908 1504 1112 1564 mortalitatis
1140 1501 1308 1568 adueniens,

369 1605 471 1662 tuctus
489 1603 493 1674 Ι
512 1603 629 1663 ibidem
644 1603 831 1664 infirmitate
843 1603 979 1680 corporis
990 1602 1099 1662 obiret
1145 1602 1208 1677 Qui
1221 1599 1311 1678 primo
1323 1607 1335 1650 t
1345 1610 1375 1645 ⁶¹¹

267 1687 336 1730 ἠ·
371 1700 497 1777 quidem
512 1702 588 1762 foris
606 1701 750 1778 sepultus
764 1704 832 1777 est;
852 1706 993 1779 tempore
1007 1705 1115 1761 autem
1129 1700 1309 1778 procedente

370 1798 404 1858 in
430 1801 539 1860 eodem
560 1802 749 1861 monasterio
770 1801 898 1861 ecclesia
916 1804 964 1860 est
986 1801 1020 1859 in
1043 1800 1197 1860 honorem
1218 1798 1312 1857 besue

371 1898 429 1957 Dei
445 1899 610 1974 genetricis
627 1901 666 1960 de
684 1900 787 1977 lapide
799 1900 889 1975 facta
906 1904 939 1960 et
959 1900 994 1960 in
1015 1899 1072 1958 illo
1093 1918 1208 1975 corpus
1226 1895 1313 1973 ipsius

369 1997 408 2056 ad
423 1997 583 2058 dexteram
596 1998 704 2058 altaris
718 1998 922 2060 reconditum.

413 2095 509 2154 Dedit
532 2099 637 2156 autem
662 2097 825 2174 episeopus
852 2098 1025 2175 regendum
1048 2099 1121 2174 post
1145 2115 1181 2155 se
1207 2111 1313 2154 monas·

275 2177 319 2208 ⁰¹⁸
372 2193 485 2252 terium
508 2193 598 2254 fratri
616 2215 672 2255 suo
693 2196 822 2271 ceadda,
840 2197 895 2273 qui
914 2199 1022 2273 postea
1042 2195 1207 2272 episcopus
1226 2194 1313 2253 factm

372 2294 427 2366 set,
439 2294 476 2351 ut
488 2293 522 2351 in
538 2293 739 2370 sequentibus
750 2295 897 2355 dicemus
938 2293 1012 2354 IIII
1024 2294 1182 2370 siquidem
1196 2293 1237 2367 hi,
1248 2308 1314 2368 quos

373 2390 514 2464 diximus,
532 2393 673 2467 germani
689 2393 808 2466 fratres,
826 2393 920 2468 cedd,
938 2396 970 2453 et
980 2393 1148 2472 eynibiw,
1162 2394 1197 2452 et
1209 2389 1310 2452 Caelin.

373 2491 404 2546 et
431 2489 560 2563 Ceadda,
591 2491 673 2567 quod
702 2511 771 2552 raro
806 2492 976 2568 inuenitur,
1007 2512 1120 2553 ornnes
1154 2490 1314 2550 sacerdotes

373 2586 502 2647 Domini
525 2589 612 2648 fuere
636 2590 791 2666 praeclari,
816 2593 849 2650 et
873 2591 935 2652 duo
960 2611 1000 2650 ex
1022 2591 1069 2650 eis
1090 2591 1189 2650 etiam
1211 2582 1313 2649 summi

373 2686 532 2746 sacerdotii
560 2687 656 2763 gradu
684 2688 785 2748 functi
812 2692 896 2749 sunt.
942 2691 1023 2751 Cum
1047 2709 1123 2766 ergo
1150 2690 1312 2766 episcopum

374 2784 557 2844 defunctum
590 2805 625 2845 ac
656 2788 818 2863 sepultum
845 2789 880 2848 in
912 2788 1072 2866 prouincia
1107 2786 1312 2862 Nordanhym·

372 2881 500 2942 brorum
517 2883 661 2943 audirent
681 2886 800 2959 fratres,
818 2887 872 2963 qui
891 2887 925 2946 in
944 2887 1136 2946 monasterio
1154 2887 1223 2946 eius
1239 2883 1313 2943 erant

374 2981 408 3040 in
432 2981 592 3056 prouincia
613 2983 820 3044 Orientalium
843 2985 1012 3060 Saxonum,
1034 2989 1194 3045 nenenmt
1213 2983 1264 3044 illo
1282 2980 1312 3039 de

374 3099 431 3139 suo
455 3081 643 3139 monasterio
667 3082 813 3142 homines
834 3083 957 3144 circiter
977 3083 1082 3157 XXX,
1105 3084 1263 3160 cupientes
1281 3077 1311 3138 ad

374 3196 486 3253 corpus
506 3178 554 3238 sui
575 3178 680 3254 patris,
698 3184 754 3240 aut
773 3181 890 3255 uiuere,
912 3181 940 3242 si
961 3182 1006 3241 sic
1025 3183 1093 3242 Deo
1113 3183 1254 3259 placeret,
1268 3180 1312 3237 aut

374 3277 543 3335 morientes
562 3276 609 3335 ibi
630 3278 762 3354 sepeliri
806 3279 867 3353 Qui
888 3279 1025 3340 libenter
1047 3300 1067 3339 a
1089 3281 1159 3341 suis
1182 3277 1311 3338 fratribus

374 3377 405 3432 et
415 3374 672 3436 conmilitonibus
682 3377 827 3454 suscepti,
837 3398 947 3439 omnes
958 3379 1078 3439 ibidem
1089 3377 1311 3456 superueniente

374 3472 527 3547 praelatae
546 3474 743 3548 pestilentiae
757 3475 845 3536 clade
858 3478 1001 3537 defuncti
1019 3481 1105 3552 sunt,
1123 3479 1248 3554 excepto
1259 3490 1311 3532 uno

374 3569 513 3645 puerulo,
530 3590 624 3645 quem
646 3574 840 3634 orationibus
859 3575 958 3651 patris
978 3576 1029 3636 sui
1050 3596 1068 3636 a
1087 3581 1191 3636 morte
1208 3571 1311 3633 constat

375 3687 442 3726 esse
463 3671 630 3730 seruatum.
676 3671 759 3730 Nam
781 3691 854 3732 eum
876 3673 980 3734 multo
1000 3674 1171 3751 posthaec
1190 3677 1312 3746 tempore

375 3764 504 3840 uiueret,
529 3770 561 3825 et
581 3767 745 3844 scripturis
764 3770 906 3848 legendis
927 3792 1055 3850 operam
1080 3773 1178 3848 daret,
1199 3769 1309 3832 undem

408 3899 703 3968 ¹nddedonmnrgta0;
720 3907 853 3970 cyne-B'.
917 3908 1016 3976 ²-gaig
1026 3909 1068 3962 1³¹.
1145 3907 1288 3961 moilen
