2859 4334
135 272 416 338 cmxxnnxxvt]
465 262 582 329 Gentis
603 263 808 349 duplorum.
1018 269 1081 332 265

134 436 248 513 inquit,
270 437 423 498 ‘multum
437 438 517 499 mihi
537 459 605 499 esse
621 459 746 500 necesse
763 440 879 518 uigiliis
895 440 1084 502 salutaribus

133 537 284 612 insistere,
309 540 340 596 et
362 557 418 614 pro
439 538 517 598 meis
538 539 691 598 erratibus
711 540 821 600 sedulo
845 540 1016 601 Dominum
1036 541 1083 600 de

133 635 269 711 precari!
310 635 369 710 Qui
397 637 534 696 adiciens
558 637 716 711 ‘Uerum’
738 638 851 715 inquit,
881 639 983 711 ‘dicis,
1010 640 1083 716 quia

133 737 164 793 et
183 732 242 792 tibi
265 736 297 792 et
315 734 425 794 multis
446 755 524 811 opus
541 739 590 795 est
608 739 730 812 peccatu
751 758 807 797 sua
826 737 918 797 bonis
938 739 1083 814 operibus

134 832 294 906 redimere,
311 836 351 908 et,
368 854 441 893 cum
455 838 577 894 cessent
598 854 616 894 a
632 834 792 896 laboribus
810 856 914 901 rerum
936 840 1084 913 tempora·

134 931 222 1004 lium,
240 935 315 991 tunc
333 951 390 1008 pro
407 933 547 1009 appetitu
566 937 766 996 aeternorum
782 935 935 996 bonorum
954 936 1083 996 liberius

134 1030 293 1104 laborure;
315 1032 438 1091 sedhoc
449 1036 555 1092 tamen
565 1033 744 1109 paucissimi
754 1034 881 1095 faciunt
920 1034 1082 1111 Siquidem

135 1129 229 1188 modo
246 1132 349 1189 totum
370 1130 429 1190 hoc
447 1131 671 1192 monasterium
693 1153 731 1192 ex
752 1133 862 1193 ordine
880 1133 1080 1209 perlustrans,

134 1227 331 1304 singulorum
356 1249 440 1290 casas
467 1250 502 1289 ac
529 1231 624 1292 lectos
651 1231 782 1308 inspexi,
806 1235 852 1292 et·
866 1231 1026 1291 neminem
1045 1253 1084 1292 ex

135 1326 283 1386 omnibus
302 1331 423 1403 praeter
441 1330 474 1387 te
490 1347 561 1405 erga
581 1328 747 1388 sanitatem
767 1328 891 1388 animae
906 1347 980 1388 suae
996 1349 1083 1389 occu-

135 1429 244 1502 patum
259 1426 399 1502 repperi·
420 1427 474 1486 sed
489 1446 598 1486 omnes
612 1447 747 1502 prorsus,
763 1431 796 1488 et
815 1427 876 1487 uiri
890 1432 922 1486 et
938 1428 1080 1501 feminae,

134 1527 188 1583 aut
216 1543 327 1584 somno
354 1527 479 1601 torpent
507 1525 609 1600 inerti,
640 1529 695 1586 aut
722 1527 761 1586 ad
789 1530 913 1603 peccata
941 1527 1082 1604 uigilant

135 1622 264 1682 Namet
250 1623 496 1698 t,domunculae
515 1644 594 1702 quae
612 1625 650 1685 ad
671 1626 826 1684 orandum
845 1625 896 1685 uel
916 1626 1127 1754 legendumju
1137 1639 1234 1682 carvin

134 1721 249 1782 factae¹
277 1727 373 1797 erant,
405 1724 549 1782 nuncin
571 1724 843 1799 comessationum,
874 1713 1108 1801 potationum,
1099 1759 1125 1802 f,
1103 1699 1243 1801 Ἥᾷᾚ
1201 1707 1245 1742 ω

133 1821 369 1897 fabulationum,
387 1823 419 1882 et
436 1825 484 1881 cet
485 1841 609 1882 ererum
629 1824 704 1882 sunt
724 1822 949 1883 inlecebrarum
970 1824 1084 1884 cubilia
1099 1818 1221 1874 ruptione

134 1939 307 1996 conuersae,
339 1921 477 1997 uirgines
511 1940 633 1998 quoque
667 1921 734 1981 Deo
768 1921 893 1994 diectae,
924 1926 1083 1984 contemta

134 2019 310 2080 reuerentia
336 2039 408 2080 suae
436 2020 645 2097 professionis,
676 2020 933 2097 quotiescumque
960 2025 1079 2096 uacant,

72 2161 78 2173 .
133 2118 278 2178 texendis
297 2117 512 2178 subtilioribus
532 2117 726 2177 indumentis
745 2115 750 2195 Ι
768 2138 892 2194 operam
910 2119 995 2192 dant,
1013 2120 1082 2196 qui·

133 2217 192 2277 bus
212 2221 271 2277 aut
292 2237 325 2276 se
350 2217 432 2294 ipsas
456 2217 494 2276 ad
519 2216 619 2276 uicem
642 2236 827 2292 sponsarum
851 2217 886 2276 in
908 2219 1081 2294 periculum

133 2317 181 2376 sui
211 2318 311 2376 status
343 2316 504 2389 edomant,
534 2319 589 2376 aut
621 2319 824 2375 externorum
853 2315 913 2375 sibi
943 2316 1082 2377 uirorum

132 2415 304 2475 amicitiam
335 2419 512 2492 conparent
568 2414 661 2475 Unde
694 2417 807 2475 merito
841 2416 909 2476 loco
942 2417 1015 2475 huic
1051 2420 1083 2476 et

132 2514 361 2576 habitatoribus
387 2515 455 2575 eius
482 2514 586 2592 grauis
609 2515 648 2574 de
675 2514 758 2574 caelo
787 2514 925 2574 uindicta
946 2515 1083 2575 flammis

132 2613 344 2674 saeuientibus
364 2617 543 2690 praeparata
563 2613 631 2674 est’
672 2612 761 2673 Dixit
780 2615 887 2672 autem
906 2612 1082 2674 abbatissa:

137 2711 196 2771 ‘Et
219 2731 316 2788 quare
340 2733 404 2772 non
429 2713 521 2773 citius
545 2714 604 2773 hoc
630 2714 815 2788 conpertum
840 2711 920 2770 mihi
944 2712 1082 2772 reuelare

134 2810 308 2871 uolmstir’
335 2811 397 2885 Qui
407 2812 585 2888 respondit:
605 2809 727 2870 ‘Timui
738 2812 864 2886 propter
873 2810 1082 2871 reuerentiam

134 2913 231 2984 tuam,
248 2929 289 2969 ne
307 2909 387 2970 forte
406 2911 541 2970 nimium
561 2911 633 2970 cont
619 2908 808 2988 turbareris3
830 2911 861 2967 et
877 2910 984 2967 tamen
1002 2908 1083 2968 banc

32 3019 114 3076 21³ss
133 3008 378 3068 consolationem
396 3009 519 3083 habeas,
536 3007 648 3085 quod'
638 3027 673 3066 ιιι
690 3006 801 3066 diebus
817 3007 881 3066 tuis
899 3007 973 3066 haec
991 3007 1083 3086 plaga

26 3091 75 3192 ¹2³,
133 3125 199 3166 non
218 3107 438 3183 superueniet!
479 3107 546 3181 Qua
565 3105 744 3182 diuulgata¹
763 3105 892 3178 uisione,
910 3105 1083 3182 aliquantu·

134 3206 202 3266 lum
231 3204 291 3265 loci
315 3206 435 3267 accolae
461 3206 567 3283 paucis
595 3205 705 3265 diebus
732 3203 851 3278 timere,
879 3207 911 3263 et
938 3224 971 3263 se
998 3205 1082 3281 ipsos

132 3305 322 3365 intermissis
349 3304 536 3364 facinoribus
563 3305 710 3380 castigare
741 3305 915 3378 coeperunt
961 3303 1082 3363 Uerum

133 3409 205 3481 post
222 3401 344 3464 obitum
364 3403 481 3480 ipsius³
502 3402 675 3464 abbatissae
697 3401 856 3462 redierunt
875 3401 914 3460 ad
934 3403 1082 3478 pristinas

133 3503 248 3578 sordes,
266 3503 364 3563 immo
378 3501 573 3563 sceleratiora
586 3501 736 3562 iecerunt
781 3501 823 3560 Et
842 3521 914 3560 cum
932 3501 1079 3577 dicerent,

27 3627 87 3666 ιιι.
136 3603 223 3663 ‘Pax
248 3605 280 3662 et
304 3601 472 3676 securitas,’
496 3599 654 3676 extemplo
674 3599 829 3676 praefatae
856 3598 982 3658 ultionis
1006 3604 1082 3660 sunt

27 3713 28 3722 ¹
132 3721 234 3779 poena
248 3699 381 3760 multati.

172 3799 261 3876 Quae
289 3798 369 3858 mibi
397 3800 509 3859 cuncta
538 3797 581 3856 sie
611 3815 678 3857 esee
704 3796 786 3856 facta
812 3795 1083 3857 reuerentissimus

163 3933 170 3964 ¹
191 3934 264 3984 facta
276 3930 311 3981 M.
439 3927 449 3957 ¹
465 3929 509 3980 de·
521 3929 556 3980 ll.
680 3930 689 3958 ¹
707 3929 800 3992 ipsius,
813 3933 889 3978 added
899 3945 930 3978 on
940 3932 1035 3989 numia
1047 3929 1082 3979 M.
