2859 4334
151 300 296 366 Gravia]
472 289 588 358 Gentis
611 292 830 378 duplorum..
1060 291 1101 352 21

149 466 193 525 In
207 465 302 526 huius
316 485 388 544 ergo
410 466 526 526 uertice
543 470 669 527 sanetus
683 467 827 527 Albanus
844 464 912 525 dari
930 463 990 524 sibi
1004 484 1022 523 a
1036 463 1102 522 Deo

148 585 265 642 aquam
284 565 413 642 rogauit,
435 566 611 642 statimque,
636 565 758 626 incluso
778 567 891 639 meatu,
916 566 988 624 ante
1008 563 1103 640 pedes

148 663 219 722 eius
239 663 311 724 fons
329 664 475 741 perennis
493 669 619 725 exortus
640 668 695 740 est,
712 667 749 724 ut
770 683 879 724 omnes
898 663 1103 740 agnoscerent

148 761 246 821 etiam
265 765 437 823 torrentem
455 764 586 841 martyri
605 763 789 840 obsequium
808 761 976 836 detulisse3
1001 779 1103 837 neque

148 859 237 920 enim
251 861 320 921 fieri
332 864 461 939 poterat,
474 865 509 922 ut
522 862 556 922 in
571 863 666 922 arduo
679 862 798 921 montis
811 861 970 921 cacumine
983 861 1103 936 martyr

147 978 272 1035 aquam,
291 981 384 1036 quam
403 961 436 1020 in
450 961 547 1021 fluuio
568 981 633 1022 non
654 961 830 1038 reliquerat,
851 962 978 1037 peteret,
996 958 1023 1017 si
1044 957 1103 1016 hoo

147 1062 341 1136 oportunum
363 1080 430 1120 esse
451 1081 515 1120 non
538 1061 666 1123 uideret.
720 1060 780 1135 Qui
806 1059 951 1118 uidelioet
975 1059 1100 1131 fluuius,

148 1158 327 1220 ministerio
341 1161 507 1237 persoluto,
519 1161 684 1222 deuotione
697 1160 849 1239 conpleta
864 1159 956 1219 officii
966 1163 1103 1221 testimo·

149 1258 243 1318 nium
254 1259 444 1336 relinquens,
458 1279 600 1320 reuersus
610 1264 659 1321 est
673 1262 712 1321 ad
724 1263 878 1319 naturam.
902 1259 1102 1320 Decollatus¹

30 1357 122 1405 hert-'²
149 1357 259 1434 itaque
289 1361 411 1435 martyr
437 1358 626 1419 fortissimus
659 1359 777 1419 ibidem
810 1358 927 1436 aceepit
958 1378 1104 1418 coronam

30 1433 52 1460 ἰ’
143 1455 244 1531 saitae,
258 1476 352 1532 quam
366 1457 545 1534 repromisit
559 1459 645 1518 Deus
659 1459 862 1536 diligentibus
875 1478 916 1517 se.
963 1457 1024 1517 Sed
1038 1457 1100 1530 ille,

148 1555 206 1632 qui
219 1555 281 1632 piis
294 1555 465 1616 ceruicibus
479 1557 592 1634 impias
605 1557 715 1618 intulit
728 1577 849 1632 manus,
863 1557 996 1634 gaudere
1010 1575 1104 1633 super

60 1669 74 1708 f.
85 1668 127 1721 γὴ
148 1659 313 1714 mortuum
334 1675 399 1715 non
420 1659 467 1716 est
487 1656 674 1733 permissus;
694 1653 697 1734 i
716 1675 854 1732 namque
875 1655 956 1714 oculi
977 1655 1045 1713 eius
1068 1654 1103 1714 in

148 1755 268 1812 terram
282 1773 345 1813 una
359 1773 431 1813 oum
445 1753 527 1814 beati
541 1754 690 1832 martyris
704 1754 803 1832 eapite
817 1752 1007 1813 deciderunt

193 1853 391 1913 Deeollatus²
412 1856 459 1914 est
480 1853 525 1912 ibi
545 1854 725 1914 etiamtum
744 1853 837 1914 miles
857 1853 920 1923 ille,
938 1852 992 1930 qui
1013 1854 1104 1912 antea

148 1971 287 2028 superno
297 1954 378 2011 nutu
389 1955 557 2030 correptus,
570 1955 714 2012 sanetum
726 1952 785 2012 Dei
795 1951 1002 2012 confessorem
1012 1950 1104 2010 ferire

148 2050 305 2110 recusauit
317 2073 325 2125 ;
356 2050 395 2110 de
419 2070 480 2128 quo
504 2051 657 2112 nimirum
678 2054 806 2126 constat,
831 2050 912 2127 quia,
937 2049 996 2109 etsi
1017 2050 1105 2109 fonte

148 2149 348 2225 baptismatis
368 2169 431 2209 non
453 2154 500 2210 est
520 2150 654 2222 ablutus,
677 2149 727 2210 sui
747 2153 854 2210 tamen
875 2152 923 2208 est
943 2147 1104 2225 sanguinis

148 2247 275 2308 lauacro
299 2249 471 2309 mundatus
480 2250 498 2324 ³,
526 2269 561 2309 aa
585 2249 673 2326 regni
697 2247 838 2308 caelestis
862 2248 976 2324 dignus
1002 2247 1103 2306 faetus

146 2346 301 2423 ingressu,
345 2347 427 2407 Tum
448 2347 549 2422 iudex,
573 2351 662 2408 tanta
679 2347 902 2407 miraculomm
924 2344 1103 2405 caelestium

149 2445 293 2506 nouitate
313 2446 486 2523 perculsus,
507 2447 638 2506 cessari⁴
659 2465 733 2506 mox
753 2467 771 2505 a
791 2445 1005 2521 persecutione
1021 2463 1104 2520 prae-

149 2545 241 2620 oepit,
258 2545 409 2604 honorem
430 2544 544 2605 referre
565 2545 718 2622 incipiens
736 2545 822 2604 caedi
842 2547 1029 2618 sanctorum,
1049 2562 1105 2620 per

149 2663 247 2720 quam
270 2664 322 2703 eos
347 2642 531 2720 opinabatur
553 2644 639 2721 prius
661 2663 679 2703 a
702 2643 894 2705 Christianae
917 2642 991 2701 fidei
1013 2661 1103 2718 posse

149 2743 320 2802 deuotione
333 2761 458 2802 cessare.
503 2745 619 2804 Passus
632 2746 680 2803 est
693 2746 799 2802 autem
817 2741 928 2802 beatus
941 2739 1104 2800 Albanus⁸

149 2841 202 2902 die
220 2841 271 2902 .X.
290 2841 503 2903 Kalendarum
519 2843 672 2903 Iuliarum
693 2842 779 2901 iuxta
800 2840 960 2900 ciuitatem
974 2839 1103 2899 Uerola-

149 2941 261 3014 mium‚
285 2961 363 3018 quae
384 2961 467 3002 nuno
489 2963 507 3002 a
526 2945 620 3020 gente
638 2940 816 3018 Anglorum
837 2933 1105 2998 Uerlamacaestir⁶

147 3041 218 3100 siue
233 3039 520 3118 Uaeclingaeaestir⁷
537 3041 719 3119 appellatur,
740 3039 796 3099 ubi
816 3043 929 3117 postea,
954 3038 1103 3096 redeunte

148 3145 330 3216 temporum
355 3139 602 3211 Christianorum
624 3139 800 3211 serenitate,
825 3136 953 3196 eeclesia
974 3139 1022 3195 est
1044 3136 1103 3194 mi·

148 3237 241 3298 randi
269 3237 370 3315 operis
397 3241 490 3316 atque
512 3239 578 3298 eius
601 3237 753 3315 martyrio
776 3235 929 3312 condigna
952 3238 1099 3294 extructa

149 3337 190 3398 In
205 3357 269 3414 quo
284 3337 427 3397 uidelicet
442 3338 509 3396 loco
523 3357 620 3414 usque
634 3338 672 3396 ad
686 3337 767 3396 hanc
784 3335 867 3395 diem
886 3334 1004 3393 curatio
1021 3333 1104 3393 infir-

149 3456 286 3509 morum,
317 3438 348 3496 et
376 3435 588 3514 frequentium
614 3435 750 3514 operatio
777 3433 933 3494 uirtutum
957 3433 1103 3493 celebrari

149 3555 215 3595 non
236 3534 359 3594 desinit

190 3632 283 3694 Pausi
304 3635 379 3694 sunt
400 3653 436 3694 ea
457 3636 640 3710 tempestate
657 3631 763 3694 Aaron
783 3637 810 3693 et
828 3633 929 3693 Iuliae
942 3632 1105 3708 Leqioaum

185 3793 193 3824 ¹
213 3793 350 3842 decolatus
362 3791 407 3842 M'.
511 3790 523 3824 ²
539 3792 675 3841 decolatus
687 3791 732 3841 M'.
744 3791 774 3840 0.
884 3791 894 3819 ³
912 3793 973 3840 sui.
987 3828 994 3841 .
1008 3806 1104 3842 ,mun-

151 3872 234 3922 datus
244 3887 289 3920 om.
298 3871 321 3920 N
324 3869 341 3920 ¹.
407 3871 416 3899 ⁴
433 3871 517 3920 cesari
528 3870 572 3921 M¹.
635 3869 644 3899 ⁵
661 3871 770 3920 albinus
781 3869 814 3919 N.
880 3869 891 3899 ⁶
908 3872 1019 3918 aaeater
1030 3871 1057 3919 C.
1070 3870 1101 3921 N.

153 3949 162 3978 ¹
181 3949 332 4001 amare.
347 3949 398 4011 Βῆ
415 3951 658 4014 ueolinguaeaester
669 3948 701 4002 N.
