2859 4334
123 253 277 319 clavum
425 245 540 312 Gentis
563 247 766 332 Anplorum.
1009 246 1070 309 143
1107 248 1109 251 ’

161 416 268 478 Huius
291 421 397 479 autem
425 419 556 499 uirginis
580 421 646 481 Deo
670 420 790 482 dicatae
817 420 917 482 multa
942 420 1070 498 quidem
1086 435 1199 490 acoryof

121 515 158 575 ab
179 516 292 577 incolis
312 516 372 578 looi
391 516 480 579 illius
500 519 619 580 aolent¹
641 540 734 598 opera
755 518 910 580 uirtutum
930 522 964 579 et
981 520 1071 596 signa
1086 496 1194 610 gfff*

121 614 343 676 miraculorum
371 637 470 695 usque
499 618 592 678 hodie
618 618 744 678 narrari.
790 619 909 678 Uerum
944 637 1004 678 noe
1031 618 1071 677 de

121 713 254 772 transitu
287 717 358 774 tant
359 735 413 774 um
447 713 540 790 illiue,
572 737 634 794 quo
665 716 808 777 caelestia
839 735 935 794 regna
966 715 1067 792 petiit,

120 809 239 887 aliquid
254 811 390 873 breuiter
404 813 505 874 dicere
519 815 659 876 sufficiat.

160 909 345 970 Inminente
363 931 435 990 ergo
456 913 505 972 die
526 932 599 973 auae
619 913 799 987 uocationie,
817 912 919 988 coepit
940 912 1069 972 circuire

120 1006 154 1068 in
173 1011 363 1072 monasterio
380 1011 499 1073 casulas
519 1012 719 1072 infirmarum
733 1011 851 1072 Christi
868 1012 1065 1085 famularum,

119 1126 289 1185 earumque
310 1110 361 1169 uel
379 1110 523 1184 maxime,
542 1129 619 1188 quae
637 1111 687 1170 uel
710 1113 809 1170 aetate
827 1114 999 1187 prouectae,
1016 1106 1069 1171 nel

119 1206 272 1281 probitate
293 1210 382 1267 erant
402 1229 527 1268 morum
552 1209 747 1286 insigniores„
793 1208 932 1283 Quarum
953 1229 987 1268 ae
1007 1229 1070 1268 om·

120 1302 210 1364 nium
224 1305 367 1381 precibus
381 1306 544 1368 humiliter
553 1309 784 1383 commendans,
796 1307 918 1368 obitum
928 1305 1069 1382 proxime

120 1421 223 1476 auum,
251 1423 345 1480 quem
372 1405 563 1466 reuelatione
591 1406 746 1480 didicerat,
774 1426 839 1466 non
862 1405 975 1466 celauit
1002 1424 1069 1465 esse

119 1501 270 1562 futurum.
323 1502 424 1578 Quam
457 1504 603 1565 uidelicet
633 1505 855 1565 reuelationem
889 1504 1069 1565 huiusmodi

44 1619 58 1650 ι
119 1620 188 1660 eaeo
206 1600 407 1678 perhibebat:
431 1602 549 1664 uidiaee
567 1604 619 1662 ae'
632 1604 807 1664 albatorum
821 1608 977 1664 cateruam
994 1616 999 1682 j
1019 1603 1070 1662 ho·

119 1703 246 1760 minum
268 1699 352 1762 idem
375 1703 602 1764 monasterium
626 1703 763 1779 intrare;
788 1704 907 1781 hocque
929 1723 947 1762 a
969 1723 1002 1762 ae
1024 1702 1069 1761 in·

118 1802 300 1876 terrogatoe,
332 1801 406 1877 quid
439 1805 630 1879 quaererent,
662 1805 716 1862 aut
751 1803 825 1879 quid
861 1803 906 1862 ibi
936 1802 1064 1875 uellent,

116 1897 321 1974 reapondisse,
345 1900 428 1977 quod
456 1901 496 1960 ob
524 1901 582 1960 hoc
609 1900 683 1961 illo³
711 1901 830 1961 luerint
854 1901 1007 1976 destinati,
1031 1903 1067 1960 ut

117 2015 249 2055 aureum
274 1996 354 2056 illud
379 1998 542 2072 nomisma,
567 2000 649 2076 quod
674 2019 709 2060 eo
733 1999 904 2060 decentia
928 2001 1063 2073 uenerat,

116 2114 224 2156 aecum
239 2095 449 2157 adsumerent.
487 2097 561 2174 Ipsa
574 2100 678 2158 autem
695 2101 793 2166 nocte,
805 2098 838 2158 in
853 2098 940 2157 cuius
953 2098 1068 2157 ultima

114 2197 212 2270 parte,
230 2194 262 2253 id
281 2197 328 2254 eet
345 2195 511 2272 incipiente
530 2216 647 2270 aurora,
664 2199 834 2274 praesentis
854 2197 965 2257 mundi
983 2200 1065 2256 tene·

114 2291 186 2352 brae
205 2293 362 2353 transiens
381 2313 546 2371 supernam
567 2293 715 2373 migrauit
731 2295 770 2355 ad
793 2296 903 2368 lucem,
920 2295 1015 2355 multi
1028 2297 1068 2356 de

113 2391 265 2452 fratribus
278 2392 417 2453 eiusdem
431 2394 618 2469 monasterii,
631 2394 684 2471 qui
698 2393 867 2454 alliserant
881 2395 915 2454 in
927 2395 1063 2468 aedibus,

113 2490 176 2550 iarn
206 2491 373 2552 manifecte
400 2511 433 2552 ee
460 2496 629 2552 concentus
656 2493 838 2570 angelorum
865 2493 1066 2570 psallentium

113 2589 239 2650 audisse
268 2590 449 2664 referebant,
481 2593 534 2652 eed
563 2596 595 2652 et
623 2592 762 2652 sonitum
792 2593 879 2670 quaei
913 2593 1066 2669 plurimae

113 2687 330 2749 multitudinis
360 2690 586 2750 monaeten'um
618 2691 842 2768 ingredientie3
877 2693 961 2751 unde
992 2711 1066 2752 mox

113 2787 232 2866 egressi
246 2788 444 2866 dignoscere⁴
464 2789 539 2866 quid
554 2793 642 2864 esset,
659 2790 808 2850 uiderunt
823 2790 924 2849 lucem
939 2791 1066 2851 caelitus

111 2886 262 2946 emissam
282 2886 378 2947 irrisae
398 2887 631 2963 permaximam,
650 2908 728 2965 quae
744 2891 883 2948 sanctam
902 2888 990 2949 illam
1004 2890 1067 2950 ani·

112 3005 200 3046 mam
230 2985 333 3045 carnia
359 2985 495 3046 uinculis
522 2986 697 3047 absolutam
725 2987 764 3046 ad
792 2990 917 3047 aeterna
948 2989 1066 3065 patriae

111 3084 255 3144 caelestis
275 3084 386 3162 gaudia
407 3085 545 3145 ducebat
589 3085 723 3146 Addunt
748 3088 780 3145 et
804 3086 871 3159 alia,
897 3105 975 3163 quae
998 3086 1066 3163 ipaa

111 3185 206 3242 nocte
228 3182 260 3242 in
284 3183 472 3243 monasterio
493 3183 602 3244 eodem
624 3183 777 3244 diuinitus
801 3183 918 3243 fuerint
941 3187 1066 3244 ostensa

109 3280 280 3351 miracula;
301 3281 356 3340 eod
375 3281 450 3342 haec
469 3301 527 3342 noe
543 3282 581 3341 ad
596 3282 655 3342 alia
668 3282 840 3356 tendentes,
858 3283 923 3342 suia
941 3303 1066 3344 narrare

110 3379 337 3459 permittimur„
382 3381 548 3458 Sepultum
569 3385 617 3441 eat
636 3385 742 3442 autem
758 3401 869 3459 corpus
889 3382 1065 3444 uenerabile

108 3479 427 3557 uirginieeteponaae
436 3479 594 3540 christiin
603 3479 820 3541 ecclesiabeati
830 3482 1065 3559 protomartyris

109 3578 286 3656 Stephani;
307 3577 484 3656 placuitque
504 3582 574 3655 post
589 3580 671 3640 diem
686 3580 826 3652 tertium,
843 3583 880 3640 ut
899 3580 984 3657 inpie,
1002 3601 1065 3658 quo

108 3679 359 3740 monumentum
378 3677 546 3754 tegebatur,
564 3683 769 3752 amoneretur,
787 3682 819 3738 et
838 3679 932 3739 altius
949 3681 1016 3757 ipso
1030 3680 1063 3739 in

147 3825 155 3859 ¹
173 3826 265 3876 rolant
277 3843 323 3876 om.
335 3826 370 3876 M.
493 3825 503 3856 ¹
520 3841 547 3877 ee
558 3832 633 3877 added
644 3831 710 3876 abore
722 3832 757 3877 the
768 3833 814 3877 line
825 3831 874 3877 bora
885 3833 913 3878 in
924 3829 962 3878 M.
973 3835 1022 3878 ond
1032 3831 1064 3881 Β.

106 3906 122 3937 ¹
139 3906 207 3956 illuc
218 3907 246 3957 0.
325 3905 335 3936 ⁴
352 3906 475 3958 uolentes
488 3912 542 3957 odd.
557 3909 600 3958 N’.
