2859 4334
355 295 418 359 118
626 291 783 360 Histoire
805 293 1036 361 Ecclesiasticn
1193 307 1295 373 [tau

353 484 388 525 ac
410 461 548 525 nobilem
568 463 602 524 in
624 465 749 525 Christo
773 468 805 526 et
825 464 878 525 in¹
901 465 1034 541 ecclesia,
1062 464 1117 542 qui
1141 463 1180 525 ad
1202 469 1297 525 nestn

354 583 454 640 usque
468 567 609 640 tempora
621 563 803 640 permansit

183 675 320 746 Paceand
396 663 496 722 Tanta
516 665 622 723 eutem
642 682 679 721 eo
701 665 840 739 tempore
858 681 919 739 pax
936 662 969 721 in
992 662 1157 736 Brittania,
1179 681 1299 739 quaqua·

182 738 321 840 ffissmy
355 781 482 822 uersum
510 761 679 838 imperium
706 762 787 838 regis
813 760 962 821 AEduini²
991 765 1184 837 peruenerat,
1215 761 1299 821 fidae

184 854 278 900 ΝΜ
356 861 545 937 perhibetur,
563 863 607 935 ut,
625 861 705 921 sicut
724 880 823 937 usque
839 861 933 920 hodie
953 858 988 919 in
1006 861 1171 936 prouerbio
1184 860 1297 930 dieitur,

356 960 451 1019 etiarn
472 959 498 1020 si
521 959 636 1018 mulier
656 978 719 1019 una
743 979 816 1018 curn
837 979 944 1018 recena
968 962 1041 1019 nate
1061 959 1193 1035 paruulo
1212 958 1299 1018 uellet

357 1061 456 1118 totam
473 1058 687 1134 perambulare
703 1057 841 1117 insulam
861 1078 880 1117 a
899 1058 979 1117 mari
996 1057 1035 1117 ad
1054 1077 1148 1133 mare,
1168 1057 1252 1116 nullo
1269 1075 1299 1114 se

358 1157 481 1216 ledente
495 1157 620 1216 ualeret.
659 1156 796 1216 Tantum
811 1175 865 1215 rer
878 1155 963 1215 idem
977 1156 1106 1216 utilitati
1120 1175 1195 1216 suae
1207 1153 1301 1233 gentis

359 1255 524 1327 consuluit,
543 1259 579 1314 ut
593 1254 750 1331 plerisque
763 1255 797 1313 in
812 1254 895 1326 locis,
907 1254 961 1314 ubi
975 1255 1078 1314 fontes
1091 1255 1211 1315 lucidos
1222 1255 1300 1313 iuxta

359 1353 499 1432 puplicos
512 1354 634 1412 uiarum
649 1353 801 1413 transitus
815 1353 983 1430 conspexit,
1000 1353 1044 1413 ibi
1062 1353 1102 1412 cb
1116 1353 1299 1430 refrigerium

358 1452 522 1526 uiantium,
555 1451 664 1512 erectis
690 1451 857 1528 stipitibus,
887 1471 992 1512 aereos
1026 1472 1135 1512 caucos
1163 1450 1299 1528 suspendi

359 1551 487 1624 iuberet,
516 1570 617 1627 neque
641 1552 699 1611 hes
721 1551 894 1627 quiequam,
918 1550 980 1609 nisi
1002 1551 1040 1611 nd
1064 1569 1160 1610 usum
1179 1568 1300 1610 neeessa-

361 1653 452 1724 rium,
480 1650 658 1726 contingere
682 1669 755 1726 prae
782 1648 998 1726 magnitudine
1022 1648 1073 1708 uel
1096 1649 1219 1709 timeris
1243 1648 1300 1708 eiua

361 1748 495 1823 auderet,
522 1748 573 1807 uel
597 1747 712 1808 amoris
740 1748 845 1808 uellet.
890 1748 1026 1808 Tantum
1054 1767 1130 1808 uere
1157 1748 1193 1808 in
1218 1766 1300 1823 regno

361 1847 560 1907 excellentiae
574 1847 692 1922 hebuit,
709 1850 825 1907 utnon
843 1847 946 1906 solum
965 1847 999 1906 in
1017 1866 1123 1923 pugna
1136 1851 1208 1906 ante
1220 1847 1300 1905 illum

361 1946 476 2006 uexilla
499 1948 701 2024 gestarentur,
726 1945 834 2005 sedet
858 1949 997 2022 tempore
1019 1945 1102 2022 pacis
1123 1947 1301 2022 equitantem

363 2045 444 2105 inter
471 2045 611 2105 ciuitates
638 2043 705 2104 siue
735 2043 826 2103 uillas
853 2047 908 2104 aut
935 2043 1111 2120 prouincias
1141 2063 1213 2104 suas
1240 2061 1301 2101 eum

363 2143 525 2216 ministris,
545 2163 668 2219 semper
687 2143 866 2202 antecedere
884 2143 1015 2220 signifer
1035 2145 1232 2215 ecnnuesset;
1253 2159 1301 2199 nee

363 2263 427 2302 non
447 2245 479 2302 et
499 2243 662 2302 incedente
682 2241 738 2300 ille
755 2241 887 2301 ubilibet
902 2261 958 2318 per
975 2242 1101 2318 plateas
1120 2241 1200 2301 illud
1218 2257 1302 2318 geum

365 2340 479 2414 uexilli,
505 2340 586 2416 quod
609 2339 743 2400 Romani
763 2340 872 2416 tufam,
891 2340 990 2419 Angli
1010 2339 1171 2417 appellant
1191 2337 1298 2409 thuait
1377 2400 1378 2409 ,

364 2443 438 2500 ante
452 2459 524 2499 eum
539 2438 614 2498 ferri
627 2438 752 2498 solebat

729 2566 821 2628 OAP.
845 2567 953 2628 XVII.

417 2703 445 2746 t‘t
456 2703 517 2746 idem
527 2701 557 2746 ab
568 2701 669 2746 Honorio
676 2714 742 2756 papa
752 2701 1014 2747 ascantensium
1023 2705 1140 2762 noema,
1152 2702 1194 2758 qui
1202 2702 1265 2746 niam
1376 2746 1377 2777 ἶ

683 2780 891 2835 Paulinopauicm
902 2781 998 2826 mam.

425 2877 429 2954 1
449 2880 518 2953 Quo
534 2881 673 2954 tempere
686 2878 899 2954 praesulatum
917 2879 998 2938 sedis
1012 2878 1196 2956 apostelicae
1208 2877 1300 2938 Hene
1314 2881 1367 2931 tu*

367 2978 432 3036 rius
463 2977 612 3036 bonifatii
642 2995 799 3036 successor
828 2977 968 3052 habebat,
1007 2977 1071 3055 qui,
1107 2977 1163 3037 ubi
1192 2979 1302 3054 gentem

367 3075 699 3152 Nordanhymbrorum
723 3095 794 3134 cum
815 3095 872 3135 suo
895 3095 966 3154 rege
986 3076 1024 3136 ad
1040 3075 1138 3136 fidem
1160 3072 1304 3136 confessic-
1375 3068 1376 3145 ,

369 3194 503 3250 nemque
517 3173 643 3248 Christi,
657 3173 791 3233 Paulino
800 3174 1042 3251 euangelizante,
1055 3193 1234 3234 conuersam
1247 3188 1304 3230 esse

368 3272 484 3346 didicit,
509 3272 596 3331 misit
619 3272 720 3332 eidem
744 3267 877 3332 Paulino
900 3273 1051 3349 pallium;
1087 3272 1176 3333 misit
1199 3275 1228 3332 et
1249 3266 1302 3344 regi

369 3370 523 3430 AEduine⁴
541 3371 661 3430 litteras
680 3370 910 3446 exhortatorias,
932 3373 1060 3448 paterna
1080 3371 1173 3430 illum
1194 3369 1302 3429 mutate

369 3469 547 3544 accendens,
564 3471 601 3528 ut
619 3469 653 3528 in
672 3469 735 3528 fide
751 3468 900 3543 ueritatis,
918 3489 1013 3546 quam
1029 3472 1206 3546 acceperant
1213 3467 1230 3539 ³,
1244 3482 1301 3541 per

370 3567 477 3626 sistere
498 3587 620 3643 semper
640 3587 674 3627 ac
694 3567 841 3643 preficere
862 3573 1005 3628 curarent
1013 3569 1031 3628 ⁶.
1077 3567 1214 3643 Quarum
1232 3562 1299 3623 uide

370 3666 442 3725 licet
457 3665 630 3725 litterarum
646 3665 704 3725 iste
718 3668 765 3725 eat
779 3666 872 3726 ordo:

273 3841 324 3872 nus
419 3765 545 3824 Domino
579 3767 810 3826 ncetbnten‘mo
843 3772 929 3841 etqeoe
956 3767 1219 3841 praecellentissimo
1241 3757 1295 3834 fild
1373 3722 1374 3743 l

404 3891 565 3942 ¹incm.ll.
615 3893 755 3942 ¹eduuini
773 3896 811 3955 0;
830 3896 969 3945 eduiniB.
1035 3893 1164 3946 'thum
1222 3886 1293 3938 ‘0³¹¹'

371 3970 437 4020 uino
446 3972 466 4020 C
476 3987 483 4032 3
494 3971 593 4021 eduino
605 3973 636 4023 B.
703 3973 713 4002 ³
730 3977 783 4022 ·rat
795 3973 834 4022 B’.
926 3975 935 4006 ⁸
951 3977 1004 4023 -ret
1016 3973 1059 4023 13².
