2859 4334
363 217 407 280 94
636 211 796 281 Historia
816 208 1048 276 Ecclesiasticc
1201 217 1297 284 [anti.

254 404 301 448 'ns
362 391 530 468 episcopus,
561 391 667 452 sedem
694 385 944 450 Doruuernensis
969 385 1114 445 ecclesiae
1140 385 1251 444 tertius
1268 383 1298 444 ab

203 477 220 506 ¹¹
306 497 311 508 '
362 490 541 568 Augustino
569 488 708 566 suscepit
763 486 872 546 Iustus
897 487 1002 546 autem
1029 483 1131 544 adhuc
1158 485 1299 560 superstes

364 588 555 652 Hrofensem
568 586 693 664 regebat
707 585 877 646 ecclesiam.
921 582 990 658 Qui,
1011 602 1085 642 cum
1098 601 1212 658 magna
1224 581 1299 641 eccle

363 686 443 748 siam
454 687 630 764 Anglorum
641 705 713 746 eura
722 704 758 746 ac
768 685 871 744 labore
880 682 1098 760 gubernarent,
1112 684 1299 756 susceperuut

364 785 477 862 scripte
490 785 700 846 exhortatoria
713 803 733 844 a
745 782 893 860 pontifice
908 782 1066 840 Romanae
1082 783 1114 839 et
1129 778 1299 856 apostolicae

335 865 447 944 ¹*aaa
467 883 633 959 Bonifatio,
652 883 706 960 qui
725 885 797 959 post
817 881 989 942 neusaue
1009 880 1154 940 aereae
1171 879 1297 957 praefuit,
1375 932 1376 953 ,

364 1003 446 1042 anno
461 981 685 1044 incarnationis
700 981 872 1042 dominicae
886 978 1085 1041 DCXVIIIL
1119 978 1196 1038 Erat
1208 981 1299 1038 autem
1375 962 1376 1031 ἶ

364 1081 503 1142 Mellitus
526 1080 664 1157 eorporis
684 1080 810 1157 quidem
831 1068 1023 1152 infirmitate,
1046 1077 1079 1137 id
1102 1080 1150 1137 est
1170 1077 1297 1154 podagra

363 1182 518 1256 venatus,
541 1180 595 1240 sed
614 1179 732 1239 mentis
753 1177 910 1256 gressibus
930 1176 1016 1236 sanis
1031 1175 1174 1236 alacriter
1192 1179 1299 1235 terrena
1375 1190 1376 1231 ι

364 1297 504 1355 quaeque
518 1277 704 1353 transiliens,
718 1279 813 1354 atque
826 1277 866 1336 ad
880 1274 1023 1336 caelestia
1036 1294 1161 1352 semper
1173 1274 1297 1346 amanda
1375 1342 1376 1345 Ἴ

364 1376 503 1453 petenda,
521 1379 553 1436 et
569 1377 744 1454 quaerenda
761 1375 933 1452 peruolans
978 1374 1055 1433 Erat
1075 1373 1177 1435 carnis
1197 1372 1298 1450 origine
1375 1358 1376 1369 ἵ

365 1474 486 1550 nobilis,
503 1475 558 1535 sed
573 1475 711 1534 culmine
725 1473 841 1536 mentis
854 1473 996 1534 nobilior.

193 1583 296 1630 Munere
405 1573 557 1651 Denique,
571 1576 607 1633 ut
622 1593 722 1634 unum
736 1572 904 1634 uirtutis
876 1592 952 1646 erus,
967 1573 1050 1632 unde
1060 1576 1161 1632 cetera
1173 1568 1298 1646 intellegi

192 1644 348 1748 megum
364 1671 523 1748 possintt
509 1671 727 1732 testimonium
740 1672 881 1746 referam,
898 1673 1036 1748 tempore
1052 1672 1187 1748 quodam
1205 1669 1297 1730 ciuitas
1375 1742 1376 1761 Χ

365 1769 616 1830 Doruuernensis
629 1791 685 1847 per
694 1770 838 1847 culpam
828 1769 965 1831 mcuriae
974 1769 1041 1848 igm
1031 1768 1192 1846 correpta
1200 1767 1298 1828 crebre

366 1868 524 1929 scentibus
542 1869 643 1946 coepit
664 1869 800 1929 flammis
817 1869 979 1942 eonsumi;
1006 1867 1120 1945 quibus
1138 1887 1210 1928 cum
1226 1865 1299 1926 nullo
1375 1864 1376 1913 i

366 1986 519 2044 aquarum
537 1967 654 2027 iniectu
673 1970 778 2044 posset
796 1967 909 2044 aliquis
926 1967 1083 2041 obsistere,
1099 1966 1224 2043 iamque
1240 1963 1300 2024 ciui·
1375 2018 1376 2041 ,

366 2065 458 2125 tatis¹
487 2068 568 2126 esset
601 2063 605 2145 Ι
637 2086 708 2144 pars
738 2070 860 2126 uastata
886 2087 952 2126 non
979 2065 1118 2137 minima,
1149 2069 1239 2141 atque
1267 2061 1376 2155 adiel}

366 2163 576 2241 episcopium²
603 2165 711 2224 furens
738 2185 772 2225 se
799 2165 927 2225 flamma
954 2164 1097 2224 dilataret
1105 2163 1125 2238 ⁸,
1158 2162 1301 2224 confidens
1375 2238 1376 2241 Ἴ

364 2263 572 2340 episcopusin
587 2264 741 2340 diuinum,
758 2263 813 2323 ubi
830 2264 1005 2324 humanum
1023 2264 1138 2338 deerat,
1153 2262 1298 2332 auxilium,
1375 2252 1376 2261 ¹

363 2361 455 2421 iussit
479 2381 513 2422 se
536 2362 661 2422 obuiam
683 2361 892 2422 saeuientibus
913 2365 945 2421 et
967 2361 1029 2423 huc
1052 2362 1190 2439 illucque
1211 2357 1300 2419 uolan-

364 2459 449 2520 tibus
467 2460 590 2538 ignium
611 2460 713 2537 globis
729 2461 840 2522 efferri.
886 2461 962 2521 Erat
980 2463 1086 2522 autem
1103 2481 1141 2520 eo
1157 2459 1215 2520 loci
1223 2459 1240 2529 ⁴,
1254 2453 1300 2515 ubi

364 2558 565 2618 flammarum
586 2559 723 2636 impetus
742 2559 880 2619 maxime
899 2559 1109 2634 incumbebat,
1132 2556 1300 2635 martyrium

364 2656 527 2716 beatorum
542 2656 616 2717 IIII
636 2657 867 2718 coronatorum.
912 2657 963 2716 Ibi
978 2658 1069 2735 ergo¹
1082 2657 1219 2734 perlatus
1230 2654 1301 2716 obse
1375 2666 1376 2669 ’

366 2757 518 2832 quentum
538 2756 684 2815 manibus
705 2756 867 2832 episcopus
887 2757 988 2834 coepit
1008 2757 1124 2816 orando
1142 2751 1302 2834 periculum

365 2852 511 2913 infirmus
532 2854 661 2931 abigere,
684 2855 766 2931 quod
787 2855 878 2914 firma
895 2854 1026 2915 fortium
1044 2875 1159 2915 manus
1178 2851 1302 2913 multum

365 2951 532 3011 laborando
547 2953 736 3028 nequiuerat
768 2952 834 3012 Nec
848 2972 942 3028 mora,
953 2956 1076 3028 uentus,
1088 2953 1143 3030 qui
1156 2973 1175 3012 a
1186 2945 1302 3012 meridie

366 3051 447 3111 flans
461 3051 533 3110 urbi
546 3051 689 3110 incendia
701 3055 863 3128 sparserat,
875 3055 983 3112 contra
996 3053 1160 3112 meridiem
1174 3051 1299 3116 reflexus,

365 3149 467 3225 primo
481 3148 548 3208 uim
569 3149 619 3208 sui
637 3149 751 3210 furoris
771 3171 790 3210 a
810 3149 929 3210 lesione
949 3150 1099 3220 locorum,
1114 3170 1192 3228 quae
1208 3149 1304 3208 contra

366 3250 464 3322 erant,
485 3246 645 3323 abstraxit,
662 3268 697 3308 ac
716 3267 791 3308 mox
808 3248 953 3308 funditus
970 3248 1166 3326 quiescendo,
1182 3242 1304 3309 flammis

366 3346 482 3422 pariter
504 3345 615 3423 sopitis
635 3350 730 3424 atque
753 3347 924 3424 exstinctis,
948 3349 1135 3426 conpescuit
1179 3347 1219 3408 Et
1239 3341 1305 3420 qui⁸

366 3443 417 3503 uir
444 3443 540 3504 Dei
531 3464 603 3521 rgne
631 3445 758 3505 diuinae
785 3445 924 3506 cantatis
943 3446 1068 3506 fortiter
1087 3447 1219 3518 ardebat,
1240 3439 1305 3518 qui⁸

367 3545 570 3618 tempestates
597 3545 789 3619 potestatum
816 3543 970 3604 aeriarum
996 3564 1016 3604 a
1043 3563 1100 3604 sua
1131 3553 1338 3642 ιιιοιιιιιιιιῑιθξἰ
1317 3518 1377 3599 ¹¹¹¹i

368 3639 487 3702 lesione
497 3639 615 3702 crebris
625 3641 818 3702 orationibus
831 3642 883 3702 uel
891 3641 1162 3703 exhortationibus
1171 3608 1358 3718 repellet⁶²ss

401 3805 579 3857 c¹iuitasll¹¹
593 3806 632 3855 1³¹.
709 3805 1062 3871 'topaembisoope,A.S.'
1052 3823 1097 3858 aa
1110 3807 1304 3869 adepiscopum

367 3885 497 3936 aadaeD.
596 3883 760 3935 ³·tcreth.
859 3885 983 3937 ‘icccc⁸
1081 3881 1260 3949 'ergoml
