2859 4334
159 280 218 333 cn.
232 281 304 330 xxx
315 274 445 340 [xxxxi]
480 263 596 331 Gentis
617 265 823 350 duplorum.
1040 265 1106 328 279

157 439 242 500 tione
256 459 311 517 per
325 439 392 499 eius
409 437 561 499 auxilium
581 437 754 498 Dominum
771 436 830 497 sibi
849 436 1021 514 propitium
1038 437 1106 497 fieri

156 538 356 614 precabatur;
374 541 469 615 atque
476 537 559 597 inter
569 553 674 613 preces
683 536 771 596 uelut
778 536 812 596 in
821 556 962 613 soporem
971 536 1101 611 solutus,

70 675 75 686 ·
156 637 260 712 sentit,
278 641 313 696 ut
323 637 391 714 ipse
404 639 510 714 postea
520 636 631 696 referre
645 638 712 696 erat
725 636 844 712 solitus,
858 636 945 712 quasi
958 654 1105 712 magnam

156 735 314 812 latamque
342 755 473 796 manum
500 738 592 812 caput
620 735 680 795 sibi
706 735 741 794 in
765 738 860 812 parto,
888 754 950 811 qua
969 733 1101 806 dolebat,

155 835 303 912 tetigisse,
325 831 329 913 Ι
348 834 518 911 eodemque
539 837 624 894 tactu
645 837 744 894 totam
765 833 861 908 illam,
879 853 957 910 quae
977 832 1104 909 langore

155 953 261 1010 pressa
282 934 391 1009 fuerat,
413 934 548 1010 corporis
570 933 619 992 sui
640 935 767 1010 partem,
791 932 943 1010 paulatim
964 930 1102 1008 fugiente

128 1091 132 1099 ,
155 1032 269 1107 dolore,
286 1052 320 1092 ao
341 1033 475 1095 sanitate
497 1031 712 1109 subsequente,
730 1032 768 1091 ad
786 1031 881 1108 pedes
901 1028 1017 1106 usque¹
1039 1049 1103 1105 per-

153 1130 310 1192 transisse
356 1133 424 1208 Quo
447 1134 536 1208 facto,
561 1153 635 1193 mox
658 1133 810 1210 enigilans
832 1130 1017 1192 sanissimus
1040 1149 1103 1188 sur·

153 1229 242 1305 rexit,
255 1249 290 1290 ac
301 1251 357 1308 pro
367 1251 423 1292 sua
432 1235 565 1294 sanitate
576 1232 711 1292 Domino
720 1230 834 1308 gratias
844 1229 947 1289 denuo
957 1228 1099 1301 referens

153 1329 229 1407 quid
238 1349 309 1407 erga
317 1351 350 1390 se
359 1335 465 1391 actum
474 1335 563 1406 esset,
575 1329 723 1391 fratribus
731 1328 881 1389 indicauit
894 1350 901 1402 ;
922 1327 1103 1403 cunctisque

153 1429 427 1506 congaudentibus,
449 1430 488 1491 ad
508 1430 727 1503 ministerium,
745 1428 829 1505 quod
847 1416 1000 1488 sollicitus
1020 1426 1103 1485 exhi-

154 1527 227 1586 bere
235 1525 246 1557 ²
255 1527 379 1596 solebat,
392 1530 482 1605 quasi
488 1529 630 1607 flagello³
641 1527 792 1605 probante
801 1525 982 1602 castigatior,
997 1525 1099 1584 rediit.

38 1655 45 1684 ι
193 1622 253 1683 Sed
275 1627 302 1682 ct
322 1624 503 1700 indamnato,
525 1624 633 1699 gamus
653 1624 720 1683 Deo
741 1622 878 1681 dicatum
900 1637 1001 1694 corpus
1024 1619 1102 1680 Gud-

26 1773 35 1802 ,
74 1779 78 1788 ,
151 1719 249 1780 bereti
258 1725 274 1796 ¹,
285 1722 334 1781 acl
343 1723 449 1782 uiuam
457 1725 555 1796 antea,
567 1723 731 1800 adpostea
740 1719 923 1780 defunctum
934 1720 1097 1789 umbrant,

52 1797 79 1866 ῖῘ
151 1818 246 1879 stiam
273 1821 341 1897 ipsa
368 1841 389 1882 a
412 1823 512 1898 pratia
539 1823 663 1882 curandi
690 1838 750 1880 aon
773 1821 931 1892 uocarunt,
956 1817 1037 1876 sicut
1065 1816 1100 1874 in

26 1893 33 1922 Β
59 1925 64 1933 “
152 1918 314 1979 uolumine
349 1920 432 1981 uitae
464 1924 495 1980 et
525 1921 682 1981 uirtutum
715 1918 783 1978 eius
815 1916 946 1995 quisque
977 1915 1096 1993 legerit,

151 2016 300 2079 inueniet.

433 2229 526 2292 cxx.
551 2229 645 2290 xxx
665 2223 833 2310 [xxxin.

207 2379 235 2425 Ut
245 2375 322 2426 αἰῶν’
333 2381 366 2426 ad
376 2381 488 2438 rainatas
498 2383 549 2427 ctas
561 2393 637 2438 nuper
641 2380 720 2436 suerit
730 2380 761 2426 ot
770 2379 831 2424 oculi
842 2378 936 2435 lanam
945 2382 1048 2424 wotos.

191 2505 259 2566 Nnc
283 2505 408 2568 silentio
431 2507 698 2585 praetereundum,
726 2506 809 2583 quod
829 2509 903 2566 ante
925 2505 1099 2566 triennium
1117 2517 1231 2590 mother

149 2625 207 2684 per
226 2604 374 2682 reliquias
399 2605 465 2666 eius
486 2606 612 2682 factum,
633 2625 734 2683 nuper
755 2604 835 2664 mihi
856 2605 1040 2683 peripsum,
1066 2604 1100 2664 in

150 2723 214 2781 quo
234 2704 353 2764 factum
370 2707 425 2780 est,
445 2703 573 2765 fratrem
591 2705 736 2766 innotuit
781 2705 841 2765 Est
857 2707 964 2764 autem
982 2705 1101 2764 lactum

149 2801 184 2863 in
198 2803 398 2878 monasterio,
415 2803 496 2880 quod
510 2804 597 2864 iuxta
613 2823 740 2863 amnem
754 2805 874 2864 Daeore
887 2805 1102 2862 constructum

148 2901 188 2960 ab
207 2919 243 2961 so
262 2921 434 2979 cognomen
453 2901 578 2979 accepit,
596 2902 646 2962 cui
666 2906 743 2963 tunc
764 2903 813 2961 uir
831 2902 995 2980 religiosus
1014 2901 1100 2961 Suid·

148 3001 256 3062 berct⁶
284 3002 404 3063 abbatis
437 3001 504 3062 iure
539 3003 681 3080 praefuit
725 3002 801 3062 Erat
834 3002 869 3061 in
904 3021 940 3061 eo
970 3001 1098 3078 quidam

146 3098 337 3176 adulescens,
355 3101 407 3161 cui
426 3103 533 3161 tumor
553 3100 701 3161 deformis
718 3099 899 3178 palpebram
916 3099 998 3159 oculi
1019 3100 1098 3160 seda·

147 3200 256 3274 uerat;
288 3199 342 3275 qui
370 3219 441 3259 cum
469 3219 526 3276 per
556 3200 621 3259 dies
648 3219 788 3259 crescens
816 3200 906 3259 oculo
932 3198 1097 3258 interitum

146 3297 333 3372 minaretur,
359 3297 509 3358 curabant
536 3298 650 3358 medici
673 3297 758 3358 hunc
786 3298 937 3376 adpositis
961 3299 1098 3376 pigmen-

145 3397 254 3455 torum
272 3395 423 3456 fomentis
442 3396 590 3472 emollire,
610 3416 668 3456 nec
690 3397 845 3457 uolebant.
889 3397 1024 3472 Quidam
1047 3397 1096 3456 ab

145 3493 331 3554 scidandum
352 3513 418 3555 esse
438 3494 598 3568 docebant,
622 3495 676 3555 alii
698 3496 759 3555 hoc
777 3495 846 3555 fieri
865 3499 953 3556 metu
970 3496 1097 3557 maioris

144 3591 279 3669 periculi
292 3592 450 3653 uetabant.
492 3593 634 3669 Cumque
651 3597 790 3670 tempore
807 3614 872 3653 non
889 3613 986 3670 pauco
1002 3595 1098 3654 frater

145 3690 305 3768 praelatus
325 3691 381 3752 tali
402 3691 601 3751 incommodo
621 3691 782 3768 laboraret,
810 3713 912 3770 nequo
939 3692 1099 3754 inminens

178 3839 666 3902 ¹ao...usquooac.0,.,.1).ae.
694 3839 919 3892 'exhibaberel
955 3841 1093 3906 ⁸·gilloM.

144 3919 291 3968 ⁴-barchti
304 3919 331 3969 G.
401 3919 447 3970 'a
461 3921 524 3968 note
536 3919 551 3980 ¹,
565 3934 591 3982 p.
605 3921 660 3982 ²7⁸·
727 3920 942 3971 ‘automata
