<?xml version="1.0" encoding="UTF-8"?>
<!DOCTYPE html PUBLIC "-//W3C//DTD XHTML 1.0 Transitional//EN"
    "http://www.w3.org/TR/xhtml1/DTD/xhtml1-transitional.dtd">
<html xmlns="http://www.w3.org/1999/xhtml" xml:lang="en" lang="en">
 <head>
  <title>
</title>
<meta http-equiv="Content-Type" content="text/html;charset=utf-8" />
  <meta name='ocr-system' content='tesseract 3.04.00' />
  <meta name='ocr-capabilities' content='ocr_page ocr_carea ocr_par ocr_line ocrx_word'/>
</head>
<body>
  <div class='ocr_page' id='page_1' title='image "./venerabilisbaed03plumgoog_0439.png"; bbox 0 0 2859 4334; ppageno 0'>
   <div class='ocr_carea' id='block_1_1' title="bbox 150 280 1097 366">
    <p class='ocr_par' dir='ltr' id='par_1_1' title="bbox 150 280 1097 366">
     <span class='ocr_line' id='line_1_1' title="bbox 150 280 1097 366; baseline 0.005 -23"><span class='ocrx_word' id='word_1_1' title='bbox 150 296 211 343; x_wconf 67' lang='lat' dir='ltr'><strong>en.</strong></span> <span class='ocrx_word' id='word_1_2' title='bbox 222 288 409 356; x_wconf 78' lang='lat' dir='ltr'>xv111[xx].]</span> <span class='ocrx_word' id='word_1_3' title='bbox 456 280 569 346; x_wconf 75' lang='lat' dir='ltr'><strong>Gentis</strong></span> <span class='ocrx_word' id='word_1_4' title='bbox 591 281 795 366; x_wconf 67' lang='lat' dir='ltr'><strong>deplorant.</strong></span> <span class='ocrx_word' id='word_1_5' title='bbox 1034 285 1097 348; x_wconf 78' lang='lat'><strong>247</strong></span> 
     </span>
    </p>
   </div>
   <div class='ocr_carea' id='block_1_2' title="bbox 443 487 797 698">
    <p class='ocr_par' dir='ltr' id='par_1_2' title="bbox 443 487 797 698">
     <span class='ocr_line' id='line_1_2' title="bbox 443 487 797 574; baseline 0.006 -24"><span class='ocrx_word' id='word_1_6' title='bbox 443 491 535 551; x_wconf 82' lang='grc' dir='ltr'>ΟΑΡ.</span> <span class='ocrx_word' id='word_1_7' title='bbox 559 491 675 551; x_wconf 88' lang='lat' dir='ltr'>XVIII</span> <span class='ocrx_word' id='word_1_8' title='bbox 697 487 797 574; x_wconf 88' lang='lat' dir='ltr'>[XX].</span> 
     </span>
     <span class='ocr_line' id='line_1_3' title="bbox 511 640 739 698; baseline 0.013 -11"><span class='ocrx_word' id='word_1_9' title='bbox 511 643 623 698; x_wconf 73' lang='lat' dir='ltr'><strong>Hymnus</strong></span> <span class='ocrx_word' id='word_1_10' title='bbox 634 645 661 689; x_wconf 77' lang='lat' dir='ltr'><strong>de</strong></span> <span class='ocrx_word' id='word_1_11' title='bbox 673 643 713 688; x_wconf 76' lang='lat' dir='ltr'><strong>nlo</strong></span> <span class='ocrx_word' id='word_1_12' title='bbox 723 640 739 690; x_wconf 84' lang='lat'><strong>¹.</strong></span> 
     </span>
    </p>
   </div>
   <div class='ocr_carea' id='block_1_3' title="bbox 147 772 1100 1432">
    <p class='ocr_par' dir='ltr' id='par_1_3' title="bbox 147 772 1100 1432">
     <span class='ocr_line' id='line_1_4' title="bbox 190 772 1099 852; baseline 0.001 -19"><span class='ocrx_word' id='word_1_13' title='bbox 190 772 341 833; x_wconf 80' lang='lat' dir='ltr'><strong>Urnrrnn</strong></span> <span class='ocrx_word' id='word_1_14' title='bbox 357 774 547 848; x_wconf 91' lang='lat' dir='ltr'><strong>oportunum</strong></span> <span class='ocrx_word' id='word_1_15' title='bbox 568 773 641 833; x_wconf 91' lang='lat' dir='ltr'><strong>huic</strong></span> <span class='ocrx_word' id='word_1_16' title='bbox 662 773 809 834; x_wconf 81' lang='lat' dir='ltr'><strong>historiae</strong></span> <span class='ocrx_word' id='word_1_17' title='bbox 827 773 921 834; x_wconf 89' lang='lat' dir='ltr'><strong>etiam</strong></span> <span class='ocrx_word' id='word_1_18' title='bbox 941 774 1099 852; x_wconf 91' lang='lat' dir='ltr'><strong>hymnum</strong></span> 
     </span>
     <span class='ocr_line' id='line_1_5' title="bbox 148 870 1100 949; baseline 0.002 -19"><span class='ocrx_word' id='word_1_19' title='bbox 148 871 340 949; x_wconf 87' lang='lat' dir='ltr'><strong>uirginitatis</strong></span> <span class='ocrx_word' id='word_1_20' title='bbox 364 870 507 944; x_wconf 90' lang='lat' dir='ltr'><strong>inserere,</strong></span> <span class='ocrx_word' id='word_1_21' title='bbox 539 892 632 948; x_wconf 91' lang='lat' dir='ltr'><strong>quem</strong></span> <span class='ocrx_word' id='word_1_22' title='bbox 660 875 733 932; x_wconf 89' lang='lat' dir='ltr'><strong>ante</strong></span> <span class='ocrx_word' id='word_1_23' title='bbox 761 893 861 932; x_wconf 87' lang='lat' dir='ltr'><strong>annos</strong></span> <span class='ocrx_word' id='word_1_24' title='bbox 884 871 1038 948; x_wconf 89' lang='lat' dir='ltr'><strong>plurimos</strong></span> <span class='ocrx_word' id='word_1_25' title='bbox 1065 873 1100 932; x_wconf 89' lang='lat' dir='ltr'><strong>in</strong></span> 
     </span>
     <span class='ocr_line' id='line_1_6' title="bbox 148 969 1100 1048; baseline 0.001 -18"><span class='ocrx_word' id='word_1_26' title='bbox 148 969 272 1030; x_wconf 90' lang='lat' dir='ltr'><strong>laudern</strong></span> <span class='ocrx_word' id='word_1_27' title='bbox 300 989 335 1029; x_wconf 88' lang='lat' dir='ltr'><strong>ac</strong></span> <span class='ocrx_word' id='word_1_28' title='bbox 363 969 562 1046; x_wconf 88' lang='lat' dir='ltr'><strong>praeconium</strong></span> <span class='ocrx_word' id='word_1_29' title='bbox 589 971 731 1031; x_wconf 90' lang='lat' dir='ltr'><strong>eiusdem</strong></span> <span class='ocrx_word' id='word_1_30' title='bbox 758 971 883 1048; x_wconf 88' lang='lat' dir='ltr'><strong>reginae</strong></span> <span class='ocrx_word' id='word_1_31' title='bbox 910 991 945 1030; x_wconf 88' lang='lat' dir='ltr'><strong>ac</strong></span> <span class='ocrx_word' id='word_1_32' title='bbox 969 991 1100 1048; x_wconf 78' lang='lat' dir='ltr'><strong>sponsae</strong></span> 
     </span>
     <span class='ocr_line' id='line_1_7' title="bbox 147 1063 1095 1142; baseline 0 -17"><span class='ocrx_word' id='word_1_33' title='bbox 147 1065 273 1138; x_wconf 84' lang='lat' dir='ltr'>Christi,</span> <span class='ocrx_word' id='word_1_34' title='bbox 292 1069 323 1124; x_wconf 89' lang='lat' dir='ltr'><strong>et</strong></span> <span class='ocrx_word' id='word_1_35' title='bbox 337 1064 407 1124; x_wconf 91' lang='lat' dir='ltr'><strong>ideo</strong></span> <span class='ocrx_word' id='word_1_36' title='bbox 422 1063 572 1124; x_wconf 81' lang='lat' dir='ltr'><strong>ueracIter</strong></span> <span class='ocrx_word' id='word_1_37' title='bbox 586 1065 716 1142; x_wconf 87' lang='lat' dir='ltr'><strong>reginae,</strong></span> <span class='ocrx_word' id='word_1_38' title='bbox 736 1066 809 1142; x_wconf 86' lang='lat' dir='ltr'><strong>quia</strong></span> <span class='ocrx_word' id='word_1_39' title='bbox 823 1085 955 1142; x_wconf 81' lang='lat' dir='ltr'><strong>sponsae</strong></span> <span class='ocrx_word' id='word_1_40' title='bbox 970 1065 1095 1138; x_wconf 81' lang='lat' dir='ltr'><strong>Christi,</strong></span> 
     </span>
     <span class='ocr_line' id='line_1_8' title="bbox 147 1163 1099 1240; baseline 0.001 -17"><span class='ocrx_word' id='word_1_41' title='bbox 147 1164 282 1240; x_wconf 84' lang='lat' dir='ltr'><strong>elegiaco</strong></span> <span class='ocrx_word' id='word_1_42' title='bbox 299 1165 399 1222; x_wconf 86' lang='lat' dir='ltr'><strong>metro</strong></span> <span class='ocrx_word' id='word_1_43' title='bbox 416 1163 657 1238; x_wconf 89' lang='lat' dir='ltr'><strong>conposuimus;</strong></span> <span class='ocrx_word' id='word_1_44' title='bbox 679 1167 710 1224; x_wconf 88' lang='lat' dir='ltr'><strong>et</strong></span> <span class='ocrx_word' id='word_1_45' title='bbox 726 1164 843 1223; x_wconf 87' lang='lat' dir='ltr'><strong>imitari</strong></span> <span class='ocrx_word' id='word_1_46' title='bbox 863 1184 984 1223; x_wconf 90' lang='lat' dir='ltr'><strong>morem</strong></span> <span class='ocrx_word' id='word_1_47' title='bbox 998 1183 1099 1224; x_wconf 88' lang='lat' dir='ltr'><strong>sacrae</strong></span> 
     </span>
     <span class='ocr_line' id='line_1_9' title="bbox 147 1257 1095 1334; baseline -0.001 -16"><span class='ocrx_word' id='word_1_48' title='bbox 147 1258 326 1334; x_wconf 81' lang='lat' dir='ltr'><strong>scripturae,</strong></span> <span class='ocrx_word' id='word_1_49' title='bbox 361 1257 449 1317; x_wconf 88' lang='lat' dir='ltr'><strong>cuius</strong></span> <span class='ocrx_word' id='word_1_50' title='bbox 481 1257 628 1317; x_wconf 80' lang='lat' dir='ltr'><strong>historiae</strong></span> <span class='ocrx_word' id='word_1_51' title='bbox 655 1258 794 1317; x_wconf 88' lang='lat' dir='ltr'><strong>carmina</strong></span> <span class='ocrx_word' id='word_1_52' title='bbox 823 1257 960 1334; x_wconf 87' lang='lat' dir='ltr'><strong>plurima</strong></span> <span class='ocrx_word' id='word_1_53' title='bbox 988 1257 1095 1332; x_wconf 77' lang='lat' dir='ltr'><strong>indita,</strong></span> 
     </span>
     <span class='ocr_line' id='line_1_10' title="bbox 147 1355 1013 1432; baseline -0.001 -15"><span class='ocrx_word' id='word_1_54' title='bbox 147 1361 180 1417; x_wconf 87' lang='lat' dir='ltr'><strong>et</strong></span> <span class='ocrx_word' id='word_1_55' title='bbox 194 1357 270 1416; x_wconf 89' lang='lat' dir='ltr'><strong>haec</strong></span> <span class='ocrx_word' id='word_1_56' title='bbox 284 1358 385 1415; x_wconf 89' lang='lat' dir='ltr'><strong>metro</strong></span> <span class='ocrx_word' id='word_1_57' title='bbox 399 1375 434 1414; x_wconf 88' lang='lat' dir='ltr'><strong>ac</strong></span> <span class='ocrx_word' id='word_1_58' title='bbox 449 1355 590 1415; x_wconf 90' lang='lat' dir='ltr'><strong>uersibus</strong></span> <span class='ocrx_word' id='word_1_59' title='bbox 605 1359 728 1416; x_wconf 85' lang='lat' dir='ltr'><strong>constat</strong></span> <span class='ocrx_word' id='word_1_60' title='bbox 742 1376 808 1416; x_wconf 86' lang='lat' dir='ltr'><strong>esse</strong></span> <span class='ocrx_word' id='word_1_61' title='bbox 823 1358 985 1432; x_wconf 89' lang='lat' dir='ltr'><strong>conposita</strong></span> <span class='ocrx_word' id='word_1_62' title='bbox 994 1355 1013 1416; x_wconf 86' lang='lat'><strong>².</strong></span> 
     </span>
    </p>
   </div>
   <div class='ocr_carea' id='block_1_4' title="bbox 146 1471 1251 2336">
    <p class='ocr_par' dir='ltr' id='par_1_4' title="bbox 146 1471 1251 2336">
     <span class='ocr_line' id='line_1_11' title="bbox 146 1471 1240 1551; baseline -0.001 -19"><span class='ocrx_word' id='word_1_63' title='bbox 146 1473 245 1532; x_wconf 80' lang='lat' dir='ltr'><strong>Alma</strong></span> <span class='ocrx_word' id='word_1_64' title='bbox 266 1473 351 1532; x_wconf 91' lang='lat' dir='ltr'><strong>Deus</strong></span> <span class='ocrx_word' id='word_1_65' title='bbox 372 1471 515 1546; x_wconf 84' lang='lat' dir='ltr'><strong>Trinitas,</strong></span> <span class='ocrx_word' id='word_1_66' title='bbox 540 1491 618 1549; x_wconf 88' lang='lat' dir='ltr'><strong>quae</strong></span> <span class='ocrx_word' id='word_1_67' title='bbox 639 1472 761 1532; x_wconf 89' lang='lat' dir='ltr'><strong>saecula</strong></span> <span class='ocrx_word' id='word_1_68' title='bbox 782 1474 893 1532; x_wconf 90' lang='lat' dir='ltr'><strong>cuncta</strong></span> <span class='ocrx_word' id='word_1_69' title='bbox 914 1471 1075 1549; x_wconf 81' lang='lat' dir='ltr'><strong>gubernas,</strong></span> <span class='ocrx_word' id='word_1_70' title='bbox 1116 1495 1202 1551; x_wconf 68' lang='lat' dir='ltr'><strong>aym„</strong></span> <span class='ocrx_word' id='word_1_71' title='bbox 1214 1497 1240 1539; x_wconf 69' lang='lat' dir='ltr'><strong>jn</strong></span> 
     </span>
     <span class='ocr_line' id='line_1_12' title="bbox 189 1555 1251 1659; baseline -0.001 -27"><span class='ocrx_word' id='word_1_72' title='bbox 189 1571 304 1632; x_wconf 81' lang='lat' dir='ltr'><strong>Adnue</strong></span> <span class='ocrx_word' id='word_1_73' title='bbox 325 1571 386 1629; x_wconf 90' lang='lat' dir='ltr'><strong>iam</strong></span> <span class='ocrx_word' id='word_1_74' title='bbox 407 1570 531 1646; x_wconf 89' lang='lat' dir='ltr'><strong>coeptis,</strong></span> <span class='ocrx_word' id='word_1_75' title='bbox 556 1570 638 1630; x_wconf 88' lang='lat' dir='ltr'><strong>alma</strong></span> <span class='ocrx_word' id='word_1_76' title='bbox 659 1570 745 1630; x_wconf 87' lang='lat' dir='ltr'><strong>Deus</strong></span> <span class='ocrx_word' id='word_1_77' title='bbox 766 1570 910 1631; x_wconf 84' lang='lat' dir='ltr'><strong>Trinitas</strong></span> <span class='ocrx_word' id='word_1_78' title='bbox 1116 1555 1214 1659; x_wconf 55' lang='lat' dir='ltr'><strong>{2221OE</strong></span> <span class='ocrx_word' id='word_1_79' title='bbox 1223 1558 1251 1598; x_wconf 72' lang='lat' dir='ltr'><strong>⁰s</strong></span> 
     </span>
     <span class='ocr_line' id='line_1_13' title="bbox 146 1665 1213 1746; baseline 0.001 -17"><span class='ocrx_word' id='word_1_80' title='bbox 146 1671 238 1729; x_wconf 86' lang='lat' dir='ltr'><strong>Bella</strong></span> <span class='ocrx_word' id='word_1_81' title='bbox 258 1669 344 1729; x_wconf 84' lang='lat' dir='ltr'><strong>Maro</strong></span> <span class='ocrx_word' id='word_1_82' title='bbox 365 1671 496 1742; x_wconf 88' lang='lat' dir='ltr'><strong>resonet,</strong></span> <span class='ocrx_word' id='word_1_83' title='bbox 522 1689 579 1728; x_wconf 90' lang='lat' dir='ltr'><strong>nos</strong></span> <span class='ocrx_word' id='word_1_84' title='bbox 599 1665 703 1746; x_wconf 85' lang='lat' dir='ltr'><strong>pacis³</strong></span> <span class='ocrx_word' id='word_1_85' title='bbox 724 1669 807 1729; x_wconf 89' lang='lat' dir='ltr'><strong>dona</strong></span> <span class='ocrx_word' id='word_1_86' title='bbox 826 1689 993 1742; x_wconf 82' lang='lat' dir='ltr'><strong>canamus3</strong></span> <span class='ocrx_word' id='word_1_87' title='bbox 1115 1673 1213 1730; x_wconf 69' lang='lat' dir='ltr'><strong>ahma.</strong></span> 
     </span>
     <span class='ocr_line' id='line_1_14' title="bbox 189 1766 902 1838; baseline 0 -10"><span class='ocrx_word' id='word_1_88' title='bbox 189 1768 320 1828; x_wconf 86' lang='lat' dir='ltr'><strong>Munera</strong></span> <span class='ocrx_word' id='word_1_89' title='bbox 340 1787 397 1826; x_wconf 89' lang='lat' dir='ltr'><strong>nos</strong></span> <span class='ocrx_word' id='word_1_90' title='bbox 419 1766 543 1838; x_wconf 79' lang='lat' dir='ltr'><strong>Christi,</strong></span> <span class='ocrx_word' id='word_1_91' title='bbox 561 1766 643 1826; x_wconf 87' lang='lat' dir='ltr'><strong>bella</strong></span> <span class='ocrx_word' id='word_1_92' title='bbox 664 1767 751 1827; x_wconf 88' lang='lat' dir='ltr'><strong>Maro</strong></span> <span class='ocrx_word' id='word_1_93' title='bbox 771 1771 902 1828; x_wconf 79' lang='lat' dir='ltr'><strong>resonet</strong></span> 
     </span>
     <span class='ocr_line' id='line_1_15' title="bbox 146 1865 1016 1943; baseline -0.002 -15"><span class='ocrx_word' id='word_1_94' title='bbox 146 1866 295 1928; x_wconf 81' lang='lat' dir='ltr'><strong>Carmina</strong></span> <span class='ocrx_word' id='word_1_95' title='bbox 315 1869 399 1925; x_wconf 82' lang='lat' dir='ltr'><strong>casta</strong></span> <span class='ocrx_word' id='word_1_96' title='bbox 418 1865 506 1940; x_wconf 91' lang='lat' dir='ltr'><strong>mihi,</strong></span> <span class='ocrx_word' id='word_1_97' title='bbox 531 1865 618 1925; x_wconf 87' lang='lat' dir='ltr'><strong>fedas</strong></span> <span class='ocrx_word' id='word_1_98' title='bbox 639 1886 705 1925; x_wconf 89' lang='lat' dir='ltr'><strong>non</strong></span> <span class='ocrx_word' id='word_1_99' title='bbox 725 1869 833 1943; x_wconf 89' lang='lat' dir='ltr'><strong>raptus</strong></span> <span class='ocrx_word' id='word_1_100' title='bbox 854 1865 1016 1940; x_wconf 79' lang='lat' dir='ltr'><strong>Helenae3</strong></span> 
     </span>
     <span class='ocr_line' id='line_1_16' title="bbox 189 1963 903 2038; baseline 0 -14"><span class='ocrx_word' id='word_1_101' title='bbox 189 1965 297 2024; x_wconf 87' lang='lat' dir='ltr'><strong>Luxus</strong></span> <span class='ocrx_word' id='word_1_102' title='bbox 317 1966 376 2024; x_wconf 91' lang='lat' dir='ltr'><strong>erit</strong></span> <span class='ocrx_word' id='word_1_103' title='bbox 396 1963 530 2038; x_wconf 88' lang='lat' dir='ltr'><strong>lubricis,</strong></span> <span class='ocrx_word' id='word_1_104' title='bbox 554 1963 692 2024; x_wconf 85' lang='lat' dir='ltr'><strong>earmIna</strong></span> <span class='ocrx_word' id='word_1_105' title='bbox 713 1968 796 2024; x_wconf 88' lang='lat' dir='ltr'><strong>casta</strong></span> <span class='ocrx_word' id='word_1_106' title='bbox 815 1963 903 2024; x_wconf 81' lang='lat' dir='ltr'><strong>mihi</strong></span> 
     </span>
     <span class='ocr_line' id='line_1_17' title="bbox 146 2062 1056 2140; baseline -0.003 -16"><span class='ocrx_word' id='word_1_107' title='bbox 146 2069 241 2124; x_wconf 87' lang='lat' dir='ltr'><strong>Dona</strong></span> <span class='ocrx_word' id='word_1_108' title='bbox 261 2083 394 2140; x_wconf 86' lang='lat' dir='ltr'><strong>superna</strong></span> <span class='ocrx_word' id='word_1_109' title='bbox 414 2063 531 2139; x_wconf 88' lang='lat' dir='ltr'><strong>loquar,</strong></span> <span class='ocrx_word' id='word_1_110' title='bbox 556 2064 686 2122; x_wconf 85' lang='lat' dir='ltr'><strong>miserae</strong></span> <span class='ocrx_word' id='word_1_111' title='bbox 706 2083 771 2122; x_wconf 93' lang='lat' dir='ltr'><strong>non</strong></span> <span class='ocrx_word' id='word_1_112' title='bbox 792 2062 907 2140; x_wconf 88' lang='lat' dir='ltr'><strong>proelia</strong></span> <span class='ocrx_word' id='word_1_113' title='bbox 926 2062 1056 2137; x_wconf 82' lang='lat' dir='ltr'><strong>Troiae;</strong></span> 
     </span>
     <span class='ocr_line' id='line_1_18' title="bbox 189 2161 961 2240; baseline -0.003 -17"><span class='ocrx_word' id='word_1_114' title='bbox 189 2163 284 2223; x_wconf 82' lang='lat' dir='ltr'><strong>Terra</strong></span> <span class='ocrx_word' id='word_1_115' title='bbox 305 2162 418 2240; x_wconf 88' lang='lat' dir='ltr'><strong>quibus</strong></span> <span class='ocrx_word' id='word_1_116' title='bbox 438 2162 560 2239; x_wconf 87' lang='lat' dir='ltr'><strong>gaudet,</strong></span> <span class='ocrx_word' id='word_1_117' title='bbox 586 2162 668 2222; x_wconf 89' lang='lat' dir='ltr'><strong>dona</strong></span> <span class='ocrx_word' id='word_1_118' title='bbox 688 2181 824 2240; x_wconf 86' lang='lat' dir='ltr'><strong>superna</strong></span> <span class='ocrx_word' id='word_1_119' title='bbox 844 2161 961 2238; x_wconf 91' lang='lat' dir='ltr'><strong>loquar.</strong></span> 
     </span>
     <span class='ocr_line' id='line_1_19' title="bbox 146 2259 1004 2336; baseline 0 -16"><span class='ocrx_word' id='word_1_120' title='bbox 146 2265 200 2322; x_wconf 79' lang='lat' dir='ltr'><strong>En</strong></span> <span class='ocrx_word' id='word_1_121' title='bbox 221 2261 306 2321; x_wconf 91' lang='lat' dir='ltr'><strong>Deus</strong></span> <span class='ocrx_word' id='word_1_122' title='bbox 326 2259 410 2319; x_wconf 89' lang='lat' dir='ltr'><strong>altus</strong></span> <span class='ocrx_word' id='word_1_123' title='bbox 430 2259 495 2320; x_wconf 88' lang='lat' dir='ltr'><strong>adit</strong></span> <span class='ocrx_word' id='word_1_124' title='bbox 517 2260 710 2320; x_wconf 85' lang='lat' dir='ltr'><strong>uenerandae</strong></span> <span class='ocrx_word' id='word_1_125' title='bbox 732 2259 864 2336; x_wconf 83' lang='lat' dir='ltr'><strong>uirgInis</strong></span> <span class='ocrx_word' id='word_1_126' title='bbox 884 2260 1004 2327; x_wconf 84' lang='lat' dir='ltr'><strong>aluum,</strong></span> 
     </span>
    </p>
   </div>
   <div class='ocr_carea' id='block_1_5' title="bbox 189 2357 913 2434">
    <p class='ocr_par' dir='ltr' id='par_1_5' title="bbox 189 2357 913 2434">
     <span class='ocr_line' id='line_1_20' title="bbox 189 2357 913 2434; baseline -0.001 -15"><span class='ocrx_word' id='word_1_127' title='bbox 189 2360 315 2419; x_wconf 77' lang='lat' dir='ltr'><strong>Libemt</strong></span> <span class='ocrx_word' id='word_1_128' title='bbox 335 2361 372 2418; x_wconf 84' lang='lat' dir='ltr'><strong>ut</strong></span> <span class='ocrx_word' id='word_1_129' title='bbox 392 2358 544 2434; x_wconf 89' lang='lat' dir='ltr'><strong>homines,</strong></span> <span class='ocrx_word' id='word_1_130' title='bbox 569 2378 610 2417; x_wconf 91' lang='lat' dir='ltr'><strong>en</strong></span> <span class='ocrx_word' id='word_1_131' title='bbox 630 2357 715 2417; x_wconf 91' lang='lat' dir='ltr'><strong>Deus</strong></span> <span class='ocrx_word' id='word_1_132' title='bbox 736 2358 820 2418; x_wconf 87' lang='lat' dir='ltr'><strong>altus</strong></span> <span class='ocrx_word' id='word_1_133' title='bbox 840 2358 913 2418; x_wconf 84' lang='lat' dir='ltr'><strong>adit</strong></span> 
     </span>
    </p>
   </div>
   <div class='ocr_carea' id='block_1_6' title="bbox 43 2457 977 2537">
    <p class='ocr_par' dir='ltr' id='par_1_6' title="bbox 43 2457 977 2537">
     <span class='ocr_line' id='line_1_21' title="bbox 43 2457 977 2537; baseline -0.005 -15"><span class='ocrx_word' id='word_1_134' title='bbox 43 2485 81 2522; x_wconf 66' lang='lat' dir='ltr'><strong>:a</strong></span> <span class='ocrx_word' id='word_1_135' title='bbox 150 2458 291 2537; x_wconf 70' lang='lat' dir='ltr'><strong>{Femina</strong></span> <span class='ocrx_word' id='word_1_136' title='bbox 311 2458 399 2534; x_wconf 88' lang='lat' dir='ltr'><strong>uirgo</strong></span> <span class='ocrx_word' id='word_1_137' title='bbox 419 2457 499 2533; x_wconf 86' lang='lat' dir='ltr'><strong>parit</strong></span> <span class='ocrx_word' id='word_1_138' title='bbox 520 2457 653 2517; x_wconf 87' lang='lat' dir='ltr'><strong>mundi⁴</strong></span> <span class='ocrx_word' id='word_1_139' title='bbox 674 2458 787 2516; x_wconf 84' lang='lat' dir='ltr'><strong>deuota</strong></span> <span class='ocrx_word' id='word_1_140' title='bbox 806 2460 977 2534; x_wconf 89' lang='lat' dir='ltr'><strong>parentem,</strong></span> 
     </span>
    </p>
   </div>
   <div class='ocr_carea' id='block_1_7' title="bbox 147 2555 1026 3420">
    <p class='ocr_par' dir='ltr' id='par_1_7' title="bbox 189 2555 849 2633">
     <span class='ocr_line' id='line_1_22' title="bbox 189 2555 849 2633; baseline 0 -17"><span class='ocrx_word' id='word_1_141' title='bbox 189 2558 285 2617; x_wconf 86' lang='lat' dir='ltr'><strong>Porta</strong></span> <span class='ocrx_word' id='word_1_142' title='bbox 304 2555 401 2616; x_wconf 83' lang='lat' dir='ltr'><strong>Maria</strong></span> <span class='ocrx_word' id='word_1_143' title='bbox 421 2555 488 2630; x_wconf 86' lang='lat' dir='ltr'><strong>Dei,</strong></span> <span class='ocrx_word' id='word_1_144' title='bbox 512 2555 631 2615; x_wconf 85' lang='lat' dir='ltr'><strong>femina</strong></span> <span class='ocrx_word' id='word_1_145' title='bbox 651 2555 740 2633; x_wconf 91' lang='lat' dir='ltr'><strong>uirgo</strong></span> <span class='ocrx_word' id='word_1_146' title='bbox 761 2555 849 2632; x_wconf 84' lang='lat' dir='ltr'><strong>parit</strong></span> 
     </span>
    </p>

    <p class='ocr_par' dir='ltr' id='par_1_8' title="bbox 150 2653 1026 2830">
     <span class='ocr_line' id='line_1_23' title="bbox 150 2653 1026 2730; baseline -0.001 -14"><span class='ocrx_word' id='word_1_147' title='bbox 150 2656 275 2716; x_wconf 80' lang='lat' dir='ltr'><strong>Gaudet</strong></span> <span class='ocrx_word' id='word_1_148' title='bbox 294 2654 393 2714; x_wconf 89' lang='lat' dir='ltr'><strong>amica</strong></span> <span class='ocrx_word' id='word_1_149' title='bbox 413 2653 522 2714; x_wconf 80' lang='lat' dir='ltr'><strong>cohors</strong></span> <span class='ocrx_word' id='word_1_150' title='bbox 542 2655 581 2713; x_wconf 90' lang='lat' dir='ltr'><strong>de</strong></span> <span class='ocrx_word' id='word_1_151' title='bbox 602 2653 725 2730; x_wconf 79' lang='lat' dir='ltr'><strong>ulrgine</strong></span> <span class='ocrx_word' id='word_1_152' title='bbox 745 2656 846 2713; x_wconf 84' lang='lat' dir='ltr'><strong>matre</strong></span> <span class='ocrx_word' id='word_1_153' title='bbox 867 2654 1026 2728; x_wconf 86' lang='lat' dir='ltr'><strong>tonantis;</strong></span> 
     </span>
     <span class='ocr_line' id='line_1_24' title="bbox 190 2751 910 2830; baseline -0.006 -16"><span class='ocrx_word' id='word_1_154' title='bbox 190 2753 380 2830; x_wconf 86' lang='lat' dir='ltr'><strong>Uirginitate</strong></span> <span class='ocrx_word' id='word_1_155' title='bbox 402 2753 522 2812; x_wconf 89' lang='lat' dir='ltr'><strong>micans</strong></span> <span class='ocrx_word' id='word_1_156' title='bbox 541 2753 653 2830; x_wconf 89' lang='lat' dir='ltr'><strong>gaudet</strong></span> <span class='ocrx_word' id='word_1_157' title='bbox 674 2752 773 2812; x_wconf 90' lang='lat' dir='ltr'><strong>amica</strong></span> <span class='ocrx_word' id='word_1_158' title='bbox 792 2751 910 2812; x_wconf 84' lang='lat' dir='ltr'><strong>cohors.</strong></span> 
     </span>
    </p>

    <p class='ocr_par' dir='ltr' id='par_1_9' title="bbox 148 2850 965 3028">
     <span class='ocr_line' id='line_1_25' title="bbox 148 2850 965 2928; baseline -0.005 -15"><span class='ocrx_word' id='word_1_159' title='bbox 148 2853 257 2913; x_wconf 82' lang='lat' dir='ltr'><strong>Huius</strong></span> <span class='ocrx_word' id='word_1_160' title='bbox 277 2853 376 2912; x_wconf 89' lang='lat' dir='ltr'><strong>honor</strong></span> <span class='ocrx_word' id='word_1_161' title='bbox 396 2851 505 2928; x_wconf 86' lang='lat' dir='ltr'><strong>genuit</strong></span> <span class='ocrx_word' id='word_1_162' title='bbox 527 2853 609 2910; x_wconf 90' lang='lat' dir='ltr'><strong>casto</strong></span> <span class='ocrx_word' id='word_1_163' title='bbox 631 2851 670 2909; x_wconf 90' lang='lat' dir='ltr'><strong>de</strong></span> <span class='ocrx_word' id='word_1_164' title='bbox 690 2850 831 2928; x_wconf 84' lang='lat' dir='ltr'><strong>germine</strong></span> <span class='ocrx_word' id='word_1_165' title='bbox 851 2851 965 2928; x_wconf 88' lang='lat' dir='ltr'><strong>plures,</strong></span> 
     </span>
     <span class='ocr_line' id='line_1_26' title="bbox 190 2949 845 3028; baseline -0.005 -16"><span class='ocrx_word' id='word_1_166' title='bbox 190 2951 360 3028; x_wconf 81' lang='lat' dir='ltr'><strong>Uirgineas</strong></span> <span class='ocrx_word' id='word_1_167' title='bbox 380 2950 472 3010; x_wconf 90' lang='lat' dir='ltr'><strong>flores</strong></span> <span class='ocrx_word' id='word_1_168' title='bbox 491 2949 585 3009; x_wconf 90' lang='lat' dir='ltr'><strong>huius</strong></span> <span class='ocrx_word' id='word_1_169' title='bbox 606 2949 707 3008; x_wconf 91' lang='lat' dir='ltr'><strong>honor</strong></span> <span class='ocrx_word' id='word_1_170' title='bbox 728 2949 845 3025; x_wconf 89' lang='lat' dir='ltr'><strong>genuit.</strong></span> 
     </span>
    </p>

    <p class='ocr_par' dir='ltr' id='par_1_10' title="bbox 148 3047 945 3226">
     <span class='ocr_line' id='line_1_27' title="bbox 148 3047 945 3130; baseline -0.003 -20"><span class='ocrx_word' id='word_1_171' title='bbox 148 3050 284 3130; x_wconf 87' lang='lat' dir='ltr'><strong>Ignibus</strong></span> <span class='ocrx_word' id='word_1_172' title='bbox 304 3051 374 3109; x_wconf 90' lang='lat' dir='ltr'><strong>usta</strong></span> <span class='ocrx_word' id='word_1_173' title='bbox 394 3049 476 3123; x_wconf 86' lang='lat' dir='ltr'><strong>feris,</strong></span> <span class='ocrx_word' id='word_1_174' title='bbox 501 3049 589 3124; x_wconf 88' lang='lat' dir='ltr'><strong>uirgo</strong></span> <span class='ocrx_word' id='word_1_175' title='bbox 611 3068 675 3107; x_wconf 90' lang='lat' dir='ltr'><strong>non</strong></span> <span class='ocrx_word' id='word_1_176' title='bbox 698 3047 792 3108; x_wconf 84' lang='lat' dir='ltr'><strong>cessit</strong></span> <span class='ocrx_word' id='word_1_177' title='bbox 812 3047 945 3125; x_wconf 81' lang='lat' dir='ltr'><strong>Agathe,</strong></span> 
     </span>
     <span class='ocr_line' id='line_1_28' title="bbox 190 3145 852 3226; baseline -0.008 -16"><span class='ocrx_word' id='word_1_178' title='bbox 190 3148 314 3210; x_wconf 75' lang='lat' dir='ltr'><strong>Eulalia</strong></span> <span class='ocrx_word' id='word_1_179' title='bbox 334 3149 366 3207; x_wconf 88' lang='lat' dir='ltr'><strong>et</strong></span> <span class='ocrx_word' id='word_1_180' title='bbox 386 3147 509 3225; x_wconf 85' lang='lat' dir='ltr'><strong>perfert,</strong></span> <span class='ocrx_word' id='word_1_181' title='bbox 534 3146 658 3226; x_wconf 87' lang='lat' dir='ltr'><strong>ignibus</strong></span> <span class='ocrx_word' id='word_1_182' title='bbox 680 3148 750 3206; x_wconf 85' lang='lat' dir='ltr'><strong>usta</strong></span> <span class='ocrx_word' id='word_1_183' title='bbox 770 3145 852 3206; x_wconf 78' lang='lat' dir='ltr'><strong>feris</strong></span> 
     </span>
    </p>

    <p class='ocr_par' dir='ltr' id='par_1_11' title="bbox 147 3243 987 3420">
     <span class='ocr_line' id='line_1_29' title="bbox 147 3243 987 3325; baseline -0.007 -16"><span class='ocrx_word' id='word_1_184' title='bbox 147 3252 248 3309; x_wconf 81' lang='lat' dir='ltr'><strong>Kasta</strong></span> <span class='ocrx_word' id='word_1_185' title='bbox 268 3248 348 3308; x_wconf 88' lang='lat' dir='ltr'><strong>feras</strong></span> <span class='ocrx_word' id='word_1_186' title='bbox 368 3249 492 3325; x_wconf 87' lang='lat' dir='ltr'><strong>superat</strong></span> <span class='ocrx_word' id='word_1_187' title='bbox 513 3246 631 3306; x_wconf 88' lang='lat' dir='ltr'><strong>mentis</strong></span> <span class='ocrx_word' id='word_1_188' title='bbox 651 3265 708 3322; x_wconf 89' lang='lat' dir='ltr'><strong>pro</strong></span> <span class='ocrx_word' id='word_1_189' title='bbox 729 3244 867 3304; x_wconf 90' lang='lat' dir='ltr'><strong>culmine</strong></span> <span class='ocrx_word' id='word_1_190' title='bbox 888 3243 987 3318; x_wconf 65' lang='lat' dir='ltr'><strong>Tecta</strong></span> 
     </span>
     <span class='ocr_line' id='line_1_30' title="bbox 192 3344 844 3420; baseline -0.006 -12"><span class='ocrx_word' id='word_1_191' title='bbox 192 3347 338 3408; x_wconf 85' lang='lat' dir='ltr'><strong>Eufemia</strong></span> <span class='ocrx_word' id='word_1_192' title='bbox 358 3345 478 3407; x_wconf 76' lang='lat' dir='ltr'><strong>sacras⁸</strong></span> <span class='ocrx_word' id='word_1_193' title='bbox 498 3346 586 3406; x_wconf 87' lang='lat' dir='ltr'><strong>kasta</strong></span> <span class='ocrx_word' id='word_1_194' title='bbox 607 3344 688 3404; x_wconf 86' lang='lat' dir='ltr'><strong>feras</strong></span> <span class='ocrx_word' id='word_1_195' title='bbox 709 3347 844 3420; x_wconf 88' lang='lat' dir='ltr'><strong>superat.</strong></span> 
     </span>
    </p>
   </div>
   <div class='ocr_carea' id='block_1_8' title="bbox 145 3506 1226 3972">
    <p class='ocr_par' dir='ltr' id='par_1_12' title="bbox 145 3506 1226 3972">
     <span class='ocr_line' id='line_1_31' title="bbox 183 3506 1104 3574; baseline -0.008 -13"><span class='ocrx_word' id='word_1_196' title='bbox 183 3513 191 3542; x_wconf 89' lang='lat'><strong>¹</strong></span> <span class='ocrx_word' id='word_1_197' title='bbox 208 3513 242 3562; x_wconf 91' lang='lat' dir='ltr'><strong>In</strong></span> <span class='ocrx_word' id='word_1_198' title='bbox 255 3513 302 3561; x_wconf 87' lang='lat' dir='ltr'><strong>the</strong></span> <span class='ocrx_word' id='word_1_199' title='bbox 313 3511 430 3574; x_wconf 82' lang='lat' dir='ltr'><strong>capitula</strong></span> <span class='ocrx_word' id='word_1_200' title='bbox 440 3511 460 3560; x_wconf 84' lang='lat' dir='ltr'>G</span> <span class='ocrx_word' id='word_1_201' title='bbox 470 3509 543 3573; x_wconf 83' lang='lat' dir='ltr'><strong>joina</strong></span> <span class='ocrx_word' id='word_1_202' title='bbox 552 3511 600 3558; x_wconf 87' lang='lat' dir='ltr'><strong>the</strong></span> <span class='ocrx_word' id='word_1_203' title='bbox 607 3508 726 3571; x_wconf 87' lang='lat' dir='ltr'><strong>heading</strong></span> <span class='ocrx_word' id='word_1_204' title='bbox 737 3509 767 3558; x_wconf 77' lang='lat' dir='ltr'><strong>ol</strong></span> <span class='ocrx_word' id='word_1_205' title='bbox 775 3508 832 3557; x_wconf 84' lang='lat' dir='ltr'><strong>this</strong></span> <span class='ocrx_word' id='word_1_206' title='bbox 842 3509 955 3570; x_wconf 85' lang='lat' dir='ltr'><strong>chapter</strong></span> <span class='ocrx_word' id='word_1_207' title='bbox 962 3509 990 3557; x_wconf 85' lang='lat' dir='ltr'><strong>to</strong></span> <span class='ocrx_word' id='word_1_208' title='bbox 1001 3507 1063 3555; x_wconf 86' lang='lat' dir='ltr'><strong>that</strong></span> <span class='ocrx_word' id='word_1_209' title='bbox 1074 3506 1104 3554; x_wconf 79' lang='lat' dir='ltr'><strong>ol</strong></span> 
     </span>
     <span class='ocr_line' id='line_1_32' title="bbox 147 3590 1226 3659; baseline -0.009 -13"><span class='ocrx_word' id='word_1_210' title='bbox 147 3597 198 3648; x_wconf 78' lang='lat' dir='ltr'><strong>the</strong></span> <span class='ocrx_word' id='word_1_211' title='bbox 215 3593 359 3658; x_wconf 79' lang='lat' dir='ltr'><strong>preceding</strong></span> <span class='ocrx_word' id='word_1_212' title='bbox 370 3609 437 3654; x_wconf 69' lang='lat' dir='ltr'><strong>ons,</strong></span> <span class='ocrx_word' id='word_1_213' title='bbox 453 3593 543 3643; x_wconf 77' lang='lat' dir='ltr'><strong>sth.</strong></span> <span class='ocrx_word' id='word_1_214' title='bbox 555 3593 594 3652; x_wconf 66' lang='lat'><strong>12„</strong></span> <span class='ocrx_word' id='word_1_215' title='bbox 607 3591 646 3652; x_wconf 77' lang='grc'><strong>0,.</strong></span> <span class='ocrx_word' id='word_1_216' title='bbox 660 3591 733 3652; x_wconf 57' lang='lat'><strong>02...</strong></span> <span class='ocrx_word' id='word_1_217' title='bbox 743 3591 788 3640; x_wconf 75' lang='lat' dir='ltr'><strong>cc.</strong></span> <span class='ocrx_word' id='word_1_218' title='bbox 814 3591 849 3640; x_wconf 91' lang='lat' dir='ltr'><strong>In</strong></span> <span class='ocrx_word' id='word_1_219' title='bbox 861 3591 908 3640; x_wconf 87' lang='lat' dir='ltr'><strong>the</strong></span> <span class='ocrx_word' id='word_1_220' title='bbox 920 3590 1099 3640; x_wconf 78' lang='lat' dir='ltr'><strong>taxthum·</strong></span> <span class='ocrx_word' id='word_1_221' title='bbox 1221 3644 1226 3659; x_wconf 50' lang='grc' dir='ltr'><strong><em>Ι</em></strong></span> 
     </span>
     <span class='ocr_line' id='line_1_33' title="bbox 149 3666 1099 3738; baseline -0.011 -12"><span class='ocrx_word' id='word_1_222' title='bbox 149 3679 211 3726; x_wconf 75' lang='lat' dir='ltr'><strong>ban</strong></span> <span class='ocrx_word' id='word_1_223' title='bbox 219 3675 250 3722; x_wconf 92' lang='lat' dir='ltr'><strong>th</strong></span> <span class='ocrx_word' id='word_1_224' title='bbox 255 3675 278 3722; x_wconf 83' lang='lat' dir='ltr'><strong>ia</strong></span> <span class='ocrx_word' id='word_1_225' title='bbox 288 3687 319 3722; x_wconf 80' lang='lat' dir='ltr'><strong>as</strong></span> <span class='ocrx_word' id='word_1_226' title='bbox 329 3673 426 3722; x_wconf 79' lang='lat' dir='ltr'><strong>sirach</strong></span> <span class='ocrx_word' id='word_1_227' title='bbox 434 3674 545 3736; x_wconf 89' lang='lat' dir='ltr'><strong>chapter</strong></span> <span class='ocrx_word' id='word_1_228' title='bbox 553 3673 617 3738; x_wconf 80' lang='lat' dir='ltr'>(AS.</span> <span class='ocrx_word' id='word_1_229' title='bbox 624 3673 706 3720; x_wconf 88' lang='lat' dir='ltr'><strong>omits</strong></span> <span class='ocrx_word' id='word_1_230' title='bbox 718 3672 741 3719; x_wconf 89' lang='lat' dir='ltr'><strong>it</strong></span> <span class='ocrx_word' id='word_1_231' title='bbox 751 3669 921 3733; x_wconf 80' lang='lat' dir='ltr'><strong>altogether).</strong></span> <span class='ocrx_word' id='word_1_232' title='bbox 974 3668 983 3695; x_wconf 87' lang='lat'><strong>¹</strong></span> <span class='ocrx_word' id='word_1_233' title='bbox 1000 3667 1040 3728; x_wconf 68' lang='lat'><strong>0,</strong></span> <span class='ocrx_word' id='word_1_234' title='bbox 1050 3666 1099 3728; x_wconf 69' lang='grc'><strong>0,..</strong></span> 
     </span>
     <span class='ocr_line' id='line_1_34' title="bbox 147 3748 1101 3815; baseline -0.009 -9"><span class='ocrx_word' id='word_1_235' title='bbox 147 3761 199 3808; x_wconf 75' lang='lat' dir='ltr'><strong>cdd</strong></span> <span class='ocrx_word' id='word_1_236' title='bbox 210 3771 226 3804; x_wconf 83' lang='lat' dir='ltr'><strong>a</strong></span> <span class='ocrx_word' id='word_1_237' title='bbox 238 3771 287 3804; x_wconf 75' lang='lat' dir='ltr'><strong>mic</strong></span> <span class='ocrx_word' id='word_1_238' title='bbox 298 3759 410 3812; x_wconf 63' lang='lat' dir='ltr'><strong>manc:</strong></span> <span class='ocrx_word' id='word_1_239' title='bbox 426 3755 559 3815; x_wconf 84' lang='lat' dir='ltr'><strong>‘hymnus</strong></span> <span class='ocrx_word' id='word_1_240' title='bbox 571 3755 578 3802; x_wconf 67' lang='grc' dir='ltr'><em>ζ</em></span> <span class='ocrx_word' id='word_1_241' title='bbox 591 3789 598 3801; x_wconf 88' lang='grc'><strong>.</strong></span> <span class='ocrx_word' id='word_1_242' title='bbox 611 3751 741 3815; x_wconf 87' lang='lat' dir='ltr'><strong>.elegiaco</strong></span> <span class='ocrx_word' id='word_1_243' title='bbox 751 3754 780 3800; x_wconf 84' lang='lat' dir='ltr'><strong>et</strong></span> <span class='ocrx_word' id='word_1_244' title='bbox 790 3751 959 3814; x_wconf 83' lang='lat' dir='ltr'><strong>paracberico</strong></span> <span class='ocrx_word' id='word_1_245' title='bbox 973 3748 1101 3814; x_wconf 73' lang='lat' dir='ltr'><strong>[paracte-</strong></span> 
     </span>
     <span class='ocr_line' id='line_1_35' title="bbox 149 3825 1100 3898; baseline -0.014 -11"><span class='ocrx_word' id='word_1_246' title='bbox 149 3839 207 3887; x_wconf 84' lang='lat' dir='ltr'><strong>rieo</strong></span> <span class='ocrx_word' id='word_1_247' title='bbox 219 3832 273 3898; x_wconf 75' lang='lat'><strong>0„]</strong></span> <span class='ocrx_word' id='word_1_248' title='bbox 291 3833 335 3881; x_wconf 88' lang='lat' dir='ltr'><strong>uel</strong></span> <span class='ocrx_word' id='word_1_249' title='bbox 347 3832 479 3895; x_wconf 84' lang='lat' dir='ltr'><strong>reciproco</strong></span> <span class='ocrx_word' id='word_1_250' title='bbox 491 3831 626 3880; x_wconf 66' lang='lat' dir='ltr'><strong>carmina!</strong></span> <span class='ocrx_word' id='word_1_251' title='bbox 709 3829 720 3860; x_wconf 83' lang='lat'><strong>³</strong></span> <span class='ocrx_word' id='word_1_252' title='bbox 735 3830 828 3892; x_wconf 84' lang='lat' dir='ltr'><strong>paucis</strong></span> <span class='ocrx_word' id='word_1_253' title='bbox 839 3829 871 3880; x_wconf 87' lang='grc' dir='ltr'><strong>Β.</strong></span> <span class='ocrx_word' id='word_1_254' title='bbox 971 3827 979 3856; x_wconf 73' lang='lat'><strong>⁴</strong></span> <span class='ocrx_word' id='word_1_255' title='bbox 997 3827 1043 3877; x_wconf 83' lang='lat' dir='ltr'><strong>-do</strong></span> <span class='ocrx_word' id='word_1_256' title='bbox 1055 3825 1100 3875; x_wconf 84' lang='lat' dir='ltr'><strong>M¹.</strong></span> 
     </span>
     <span class='ocr_line' id='line_1_36' title="bbox 145 3911 432 3972; baseline -0.01 -9"><span class='ocrx_word' id='word_1_257' title='bbox 145 3917 156 3946; x_wconf 83' lang='lat'>⁸</span> <span class='ocrx_word' id='word_1_258' title='bbox 169 3917 235 3972; x_wconf 73' lang='lat' dir='ltr'><strong>final</strong></span> <span class='ocrx_word' id='word_1_259' title='bbox 245 3929 259 3962; x_wconf 84' lang='lat' dir='ltr'><strong>s</strong></span> <span class='ocrx_word' id='word_1_260' title='bbox 268 3915 348 3960; x_wconf 62' lang='lat' dir='ltr'><strong>amaa</strong></span> <span class='ocrx_word' id='word_1_261' title='bbox 357 3914 385 3960; x_wconf 78' lang='lat' dir='ltr'><strong>ta</strong></span> <span class='ocrx_word' id='word_1_262' title='bbox 396 3911 432 3960; x_wconf 76' lang='lat' dir='ltr'><strong>n.</strong></span> 
     </span>
    </p>
   </div>
   <div class='ocr_carea' id='block_1_9' title="bbox 0 0 1434 4334">
    <p class='ocr_par' dir='ltr' id='par_1_13' title="bbox 0 0 1434 4334">
     <span class='ocr_line' id='line_1_37' title="bbox 0 0 1434 4334; baseline 0 0"><span class='ocrx_word' id='word_1_263' title='bbox 0 0 1434 4334; x_wconf 95' lang='lat' dir='ltr'><strong> </strong></span> 
     </span>
    </p>
   </div>
  </div>
 </body>
</html>
