2859 4334
328 268 394 332 402
627 264 787 332 His-toruo
808 264 981 333 Abbotom

156 446 273 503 honeret,
327 440 408 498 tione
442 440 512 504 XV;
549 435 765 510 upplilcunsque
798 438 831 494 in
866 438 955 510 protis
994 438 1121 495 eiusdem
1150 437 1281 495 ciuitatis
1298 442 1360 498 ty
1370 443 1396 487 b.

155 506 221 620 2⁰⁶3&
234 519 266 563 ²⁵¹
327 532 478 601 gratanter
498 546 516 584 u
534 527 697 600 Gungnlfo¹
718 527 867 599 regionum
880 526 994 583 illorum
1007 526 1123 584 domino
1135 530 1281 598 susceptus

328 621 381 686 est,
395 617 502 687 quippe
515 615 563 687 qui
581 616 675 687 ipsum
690 620 721 674 et
731 616 765 671 in
776 616 826 673 uin
839 615 918 687 prius
935 616 1088 673 inueniens
1103 615 1156 672 illo
1169 614 1280 679 uenire,

327 708 357 763 et
375 704 501 777 benigne
523 704 636 777 suscipi,
656 705 744 762 etium
763 704 787 759 si
805 705 868 775 ipse
887 722 946 760 non
967 704 1088 772 udessct,
1112 704 1281 775 proecepit;

327 796 450 850 multum
462 796 618 859 obsecrans,
632 812 669 851 ne
684 794 753 851 inde
766 794 823 849 nisi
834 812 931 865 sospes
947 793 1049 862 obiret,
1062 794 1112 850 sed
1126 793 1170 850 ibi
1185 793 1282 863 potius

326 883 363 938 sd
383 882 447 939 locs
464 886 627 939 sanctorum
645 884 811 953 mnrtymm,
829 881 854 936 si
872 880 917 937 itu
940 880 1015 937 Deus
1035 878 1180 947 noluisset,
1202 880 1281 937 uitae

326 970 457 1028 coelestis
470 975 634 1042 expectoret
645 970 804 1028 introitum.

154 1066 288 1138 isboseth
362 1062 405 1130 3⁶·
424 1058 553 1131 Contigit
569 1062 666 1116 nutem
679 1061 712 1115 ut
728 1059 791 1130 ipso
808 1058 864 1121 die.
881 1076 937 1129 quo
951 1060 1079 1124 nenemt,
1092 1056 1169 1115 circu
1179 1057 1282 1115 borum
1300 1068 1418 1125 &0153

153 1125 301 1229 3th
327 1146 369 1201 ·X·
388 1146 526 1219 migraret
548 1148 586 1203 cd
608 1146 768 1212 Dominum,
793 1146 873 1203 cuius
897 1163 998 1217 corpus
1018 1163 1104 1202 mnne
1125 1162 1231 1218 magno
1249 1148 1282 1203 et
1299 1141 1377 1182 ²¹⁴³

153 1198 202 1298 7ιὲ
215 1218 221 1230 ’
234 1197 266 1243 '⁵’
302 1217 308 1242 ⁸
325 1234 461 1291 comitum
473 1234 564 1306 ipsius
574 1238 604 1291 et
615 1235 775 1291 accolarum
785 1234 915 1291 ciuitatis
922 1234 1000 1290 illius
1008 1233 1123 1305 agmine
1133 1238 1283 1304 portatum

325 1326 369 1379 est
381 1341 434 1395 per
445 1322 503 1379 triu
518 1323 608 1381 ferme
627 1323 710 1379 milio
726 1324 879 1395 passuum¹
890 1323 922 1378 in
934 1323 1139 1380 monesterium
1151 1321 1282 1379 einedem

326 1411 506 1484 Ganguu1fl1,
534 1412 609 1482 quod
637 1415 699 1469 erut
727 1412 763 1467 ad
788 1412 977 1469 meridianum
1001 1411 1118 1485 plagam
1141 1411 1280 1478 ciuitatis,

324 1500 418 1570 spatio
433 1499 548 1556 circiter
563 1500 681 1556 miliarii
693 1504 724 1559 et
740 1500 862 1565 dimidii,
875 1500 1075 1571 sepultumque
1093 1500 1124 1555 in
1140 1500 1283 1557 eccclesia

324 1592 485 1645 cunctorum
499 1592 656 1660 martyrum
668 1589 857 1661 geminorum.
867 1606 986 1659 quornm
997 1590 1115 1645 nomins
1123 1593 1190 1645 sunt
1198 1589 1281 1658 bsec,

326 1674 507 1747 Speusippus,
522 1676 699 1748 Eleosippus,
711 1676 930 1749 Metiosippus⁸;
948 1677 997 1748 qui
1008 1695 1068 1733 uns
1078 1678 1174 1750 geniti
1186 1682 1279 1735 matre

324 1782 381 1821 uno
406 1769 491 1836 portu
514 1765 555 1821 ibi
579 1766 699 1837 untiquo
723 1771 854 1838 tempore
878 1767 1018 1837 martyrio
1038 1767 1175 1831 computi,
1195 1771 1227 1824 et
1246 1768 1279 1823 in

324 1852 424 1909 eodem
432 1852 495 1909 loco
502 1852 609 1922 sepulti
618 1856 695 1920 sunt,
703 1852 753 1908 ubi
763 1858 793 1910 et
802 1853 869 1909 nnio
877 1853 998 1918 illorum,
1008 1853 1124 1910 nomine
1131 1853 1278 1919 leonclbn

324 1940 438 2011 sepulto
455 1944 507 2011 est,
525 1945 555 1997 et
573 1940 636 2011 ipsu
654 1958 706 2012 per
724 1941 929 1999 contessionem
950 1941 1081 2013 martyrii
1104 1960 1219 2013 egressu
1240 1943 1279 1999 de

324 2046 441 2098 corpore
449 2028 468 2085 ⁴.

360 2130 403 2187 37.
423 2116 541 2187 Sepulto
560 2116 650 2189 igitur
667 2120 760 2189 putre,
782 2118 897 2188 quidum
915 2135 952 2175 ex
976 2117 1119 2187 frstnbus,
1143 2118 1279 2189 quicum
1295 2118 1331 2163 ἢ

323 2204 511 2269 deduxerunt,
527 2204 649 2275 petrium
662 2206 779 2270 rediere,
792 2206 935 2262 narraturi
948 2206 980 2261 in
998 2208 1171 2265 monasterio
1186 2208 1278 2279 ipsius

324 2291 373 2347 ubi
389 2296 419 2349 et
431 2292 544 2361 quondo
561 2292 699 2351 transiret
711 2312 727 2350 e
740 2311 874 2365 corpore;
892 2294 1010 2364 quidum
1024 2312 1091 2352 uero
1105 2294 1279 2366 dispositum

152 2434 164 2463 e
324 2380 442 2435 Romam
460 2380 517 2436 iter
534 2396 677 2452 peregere,
702 2380 829 2439 deleturi
844 2399 966 2440 munero
982 2401 1055 2453 quoe
1073 2384 1199 2441 miseret
1241 2385 1278 2441 In

230 2514 235 2526 .
324 2467 426 2537 quibus
453 2467 590 2525 uidelicet
614 2469 781 2526 muneribus
808 2474 871 2527 erut
897 2471 1065 2539 Pundectes,
1086 2478 1121 2529 ut
1143 2474 1279 2538 diximus,

323 2556 326 2623 Ι
342 2555 583 2626 interpretatione
601 2556 680 2613 beuti
702 2558 864 2615 Hieronimi
881 2559 1035 2631 presbiteri
1057 2579 1093 2618 ex
1115 2562 1230 2619 Hebreo
1246 2568 1280 2620 st
1297 2568 1356 2625 tus
1366 2584 1389 2613 ⁸-

322 2644 414 2700 Greco
430 2644 510 2701 sonte
524 2644 691 2711 transfusus,
704 2646 812 2703 babens
824 2648 856 2703 in
867 2648 964 2719 cupite
982 2648 1102 2720 scriptos
1114 2649 1280 2708 huiusmodi

322 2729 494 2787 uersiculos:

411 2869 518 2939 Corpus
530 2870 565 2926 ud
579 2871 679 2927 eximii
692 2873 795 2930 merito
808 2874 973 2931 uenerabile
986 2874 1073 2941 Petri,

446 2958 568 3015 Dedicat
580 2960 736 3017 aecclesiae
749 2979 835 3031 quem
848 2961 954 3033 cuput⁶
965 2963 1026 3019 ulte
1038 2964 1116 3028 fides,

406 3044 573 3111 Ceolfridns,
585 3047 742 3119 Anglorum
757 3049 912 3107 extremis·
924 3051 960 3107 de
972 3050 1076 3107 finibus
1087 3050 1184 3119 ubbus,

445 3133 550 3191 Deuoti
562 3134 681 3191 affectus
694 3136 816 3207 pignom
827 3138 914 3193 mitto
928 3137 994 3195 mei.

410 3220 514 3291 Meque
527 3239 659 3295 meosque
674 3227 778 3293 optem
790 3224 866 3280 tenti
878 3224 955 3281 inter
963 3226 1071 3297 gaudia
1083 3228 1176 3299 putris

446 3308 481 3363 In
494 3309 581 3367 coelis
593 3328 748 3367 memorem
760 3328 874 3383 semper
885 3311 989 3371 hebere
1002 3314 1106 3371 locum.

356 3430 399 3497 38.
418 3428 503 3486 Porro
519 3431 635 3501 quidem
650 3431 681 3487 in
701 3433 800 3490 eudem
817 3433 936 3491 ciuitate
952 3434 1140 3507 lingonense,
1158 3442 1280 3509 propter
1295 3446 1331 3491 iu

261 3586 267 3599 ι
321 3530 447 3571 umorem
467 3518 575 3588 sepulti
594 3518 701 3575 ibidem
724 3520 856 3591 purentis
874 3522 926 3587 sui,
949 3522 1074 3579 residere
1095 3524 1279 3591 meluerunt:

321 3600 371 3670 qni
395 3606 494 3661 tummr
518 3609 617 3677 posteo
641 3607 787 3664 destinate
810 3608 931 3665 Romam
954 3610 1093 3665 ueniendi
1116 3616 1189 3668 noto
1212 3630 1279 3669 oon-

354 3764 363 3793 ¹
379 3770 498 3835 genutio,
510 3772 540 3821 -fl
552 3774 573 3823 t.
665 3770 803 3837 'paruum
815 3776 851 3825 11.
939 3776 949 3809 ¹
965 3791 1142 3844 speusyppm,
1155 3780 1279 3844 stenen>

320 3863 379 3911 pus,
393 3852 582 3918 meleusyppue
592 3856 613 3905 t.
689 3855 699 3884 ⁴
716 3859 870 3919 quinne..
886 3896 892 3907 .
906 3895 913 3909 .
925 3873 1033 3923 corpore
1043 3876 1090 3911 on.
1104 3862 1127 3911 t.
1208 3863 1219 3891 ⁸
1233 3876 1279 3911 en·

321 3926 377 3987 pud
389 3929 425 3980 11.
522 3931 532 3961 ⁰
548 3934 679 3998 extrimis,
692 3940 749 3984 wilt
761 3951 775 3985 r
785 3942 865 3986 stand
876 3936 913 3987 Η.
