2859 4334
354 217 419 283 256
625 211 781 278 Historia
804 205 1034 275 Ecclesiastico
1176 209 1282 275 [saw.

354 385 443 464 quasi
477 384 581 445 subito
612 383 771 443 sublatum
802 399 875 440 eum
906 378 1075 454 quaesierit
1108 393 1180 434 cum
1211 369 1285 432 omni

354 487 524 564 diligentia,
546 487 734 562 nullumque
754 484 822 544 eius
843 483 966 560 uspiam
987 473 1176 557 uestigium¹
1196 493 1286 552 appar

354 586 443 646 uerit.
500 586 620 645 Uerum
655 604 728 644 cum
762 583 967 643 solertissime
1000 581 1094 642 illum
1128 573 1283 654 quaesierit¹

354 680 512 757 extemplo
531 700 564 740 se
582 679 737 757 repperire
754 679 813 738 sub
832 682 921 739 ueste
941 697 998 737 sua
1016 673 1134 735 monile
1149 668 1285 748 pretiosis

355 757 492 854 simum;¹
514 779 605 855 quod,
618 779 695 837 dum
706 777 858 837 attentius
867 776 1084 849 consideraret,
1094 771 1175 834 tanti
1183 770 1286 846 fulgore
1384 770 1387 977 p

356 877 486 937 luminis
520 877 673 954 refulgere
706 876 881 950 uidebatur,
919 879 955 936 ut
986 893 1097 934 omnes
1131 868 1287 933 Brittaniae

355 976 435 1036 fines
453 977 539 1036 illius
559 977 656 1054 gratia
669 975 845 1053 splendoris
859 974 1000 1051 inpleret.
1046 973 1135 1047 Quod
1153 967 1286 1029 nimirum
1385 980 1386 991 ¹

356 1074 515 1137 somnium
543 1075 692 1134 ueraciter
719 1074 754 1133 in
780 1074 847 1134 filia
873 1074 948 1147 eius,
979 1073 1018 1132 de
1046 1091 1108 1149 qua
1135 1068 1284 1145 loquimur,

356 1174 516 1250 expletum
538 1177 605 1248 est3
624 1171 628 1250 l
648 1173 736 1233 cuius
756 1173 824 1233 uita
847 1192 913 1232 non
936 1171 997 1231 sibi
1017 1168 1220 1236 solummodo,
1242 1167 1287 1226 aed
1300 1177 1359 1225 tou

357 1272 467 1332 multis
485 1273 565 1332 bene
586 1273 694 1332 uiuere
714 1271 895 1332 uolentibus
915 1269 1060 1346 exempla
1077 1287 1206 1345 operum
1222 1264 1288 1324 lucis

356 1370 506 1448 praebuit.
1199 1442 1205 1454 ι

399 1469 520 1530 Uerum
554 1469 610 1530 illa
639 1491 711 1530 cum
743 1470 855 1530 multis
885 1469 978 1529 annis
1007 1468 1083 1527 huic
1118 1466 1288 1528 monasterio

185 1550 271 1652 iffi
281 1562 314 1592 ⁸¹¹
357 1572 523 1644 praeesset,
540 1569 658 1646 placuit
673 1570 724 1644 pio
734 1568 888 1644 prouisori
903 1568 1014 1628 salutis
1028 1569 1153 1626 nostrae
1166 1567 1288 1624 sanctam

358 1668 425 1727 eius
439 1667 577 1728 animam
591 1666 685 1744 longa
699 1668 795 1727 etiam
809 1667 993 1727 infirmitate
1008 1667 1112 1726 carnis
1125 1663 1287 1732 examinari,
1389 1694 1390 1749 p

359 1769 402 1840 ut,
420 1766 507 1825 iuxta
521 1766 701 1842 exemplum
716 1765 855 1843 apostoli,
872 1767 973 1825 uirtus
990 1764 1058 1825 eius
1072 1766 1107 1826 in
1123 1764 1290 1825 infirmitate
1303 1765 1390 1832 aas,

358 1865 567 1940 perficeretur.
618 1865 770 1925 Percussa
797 1866 915 1924 etenim
943 1865 1084 1925 febribus
1113 1865 1177 1925 acri
1205 1837 1354 1938 coepitm

358 1963 467 2023 ardore
490 1963 614 2040 fatigari
624 1962 643 2036 ¹,
669 1965 701 2022 st
725 1983 781 2040 per
801 1983 856 2023 sex
883 1965 1050 2025 continuos
1077 1983 1177 2025 annos
1199 1963 1291 2021 eadem
1390 2034 1391 2051 i

359 2057 503 2117 molestia
519 2057 658 2117 laborare
677 2076 742 2117 non
761 2057 918 2132 cessabat3
939 2059 974 2118 in
994 2079 1056 2137 quo
1069 2060 1157 2120 toto⁸
1168 2063 1292 2133 temporo

359 2176 532 2232 numquam
558 2157 624 2232 ipsa
652 2156 704 2216 uel
728 2157 881 2216 conditori
909 2178 966 2218 suo
993 2159 1108 2235 gratias
1136 2177 1229 2236 agore,
1249 2153 1291 2212 uel

359 2256 563 2316 commissum
583 2255 642 2316 sibi
661 2276 788 2333 gregem
803 2260 835 2316 et
850 2256 974 2334 puplice
988 2262 1020 2318 et
1037 2258 1184 2336 priuatim
1200 2257 1292 2317 docere

361 2354 639 2431 praetermittebat.
685 2354 766 2414 Nam
780 2375 837 2415 suo
854 2357 1019 2432 praedocta
1035 2359 1185 2435 exemplo,
1201 2373 1290 2414 mene

360 2453 413 2512 bat
437 2455 568 2513 omnes⁴
594 2456 626 2513 et
650 2453 683 2513 in
713 2454 814 2514 salute
841 2459 966 2531 accepta
993 2457 1130 2533 corporis
1154 2449 1292 2516 Domino‘

362 2553 612 2629 obtemperanter
629 2554 841 2626 seruiendum,
858 2557 890 2614 et
909 2554 944 2613 in
961 2555 1100 2615 aduersis
1121 2574 1223 2614 rerum
1237 2551 1293 2611 siue

360 2651 598 2711 infirmitatibus
639 2653 856 2712 membrorum
896 2653 1031 2714 fideliter
1069 2655 1204 2714 Domino
1238 2669 1293 2710 esse

363 2751 477 2826 gratias
492 2751 635 2826 sempor⁶
649 2751 792 2827 agendas.
837 2751 919 2812 VII⁰
937 2772 1011 2829 ergo
1028 2772 1102 2812 suae
1118 2749 1295 2812 infirmitatis

361 2869 453 2922 anno,
472 2868 622 2908 conuerso
641 2849 680 2909 ad
699 2849 858 2911 interanea
876 2849 992 2924 dolore,
1009 2852 1048 2911 ad
1065 2851 1151 2911 diem
1168 2847 1294 2928 peruenit

364 2949 522 3022 ultimum,
541 2952 572 3007 et
593 2949 672 3007 circa
686 2949 762 3024 galli
776 2953 913 3026 cantum,
929 2954 1074 3027 percepto
1089 2950 1204 3011 uiatico
1216 2968 1298 3009 sacro

363 3050 487 3107 sanctae
502 3047 740 3122 communionis,
758 3069 829 3107 cum
848 3049 1025 3109 arcessitis'
1041 3049 1171 3110 ansellis
1184 3045 1296 3110 christi

361 3165 440 3221 quae
468 3151 554 3206 erant
583 3145 616 3205 in
645 3146 755 3205 eodem
782 3149 979 3224 monasterio,
1010 3148 1049 3208 de
1079 3149 1232 3208 seruanda
1257 3164 1299 3205 eas

363 3243 510 3318 inuicem,
529 3245 627 3304 immo
647 3264 719 3304 cum
738 3246 887 3306 omnibus
905 3267 979 3323 pace
996 3249 1177 3325 euangelica
1194 3266 1299 3308 ammo

363 3349 474 3415 neret;
496 3344 579 3402 inter
599 3343 695 3403 uerba
715 3345 940 3404 exhortationis
961 3345 1041 3406 laeta
1062 3351 1200 3407 mortem
1219 3345 1297 3407 uidit

361 3441 469 3514 immo,
497 3445 532 3501 ut
558 3442 661 3501 uerbis
680 3443 809 3502 Domini
835 3444 951 3521 loquar,
979 3446 1018 3505 de
1040 3452 1143 3507 morte
1167 3443 1299 3506 transisit
1313 3455 1392 3500 tour-2

361 3539 400 3598 ad
414 3539 523 3600 uitam.

396 3696 404 3724 ¹
421 3697 503 3759 giam
515 3698 551 3748 Μ.
657 3697 667 3726 ²
683 3715 724 3749 -re
735 3701 781 3751 1¹¹.
889 3703 899 3732 ⁸
917 3708 974 3754 toto
984 3721 1031 3754 cm,
1042 3705 1089 3754 Μ’.
1198 3704 1207 3734 ⁴
1222 3715 1303 3752 oman

362 3791 408 3824 om.
421 3775 468 3824 Μ’.
580 3777 590 3806 ³
606 3778 716 3827 domino
728 3796 774 3830 om.
787 3781 833 3830 Μῑ.
942 3785 953 3813 ⁴
969 3798 1080 3846 semper,
1093 3789 1171 3833 added
1180 3801 1211 3833 oa
1220 3783 1302 3840 moin

364 3853 400 3903 M.
473 3853 482 3882 ⁷
499 3857 635 3904 accersitis
646 3857 674 3907 O.
687 3859 730 3908 ΙΨ.
