2859 4334
340 269 361 330 6
612 266 770 332 Historia
792 265 1025 332 Ecclesiastico
1184 272 1291 338 [asar.
1400 330 1401 333 ,

167 451 214 495 His
260 510 287 522 ..
380 441 426 503 Ut
446 445 551 502 autem
572 441 606 501 in
628 441 687 516 his,
704 461 783 518 quae
803 439 921 518 scripsi,
945 438 998 500 uel
1019 438 1085 513 tibi,
1107 437 1160 498 uel
1180 437 1295 498 ceteris

166 510 320 556 authentus
339 541 535 602 auditoribus
556 541 622 601 siue
640 539 807 600 lectoribus
820 539 915 600 huius
932 538 1079 598 historiae
1099 537 1293 597 occasionem

339 640 504 700 dubitandi
525 638 715 713 subtraham,
732 638 845 715 quibus
865 638 941 698 haec
956 637 1095 698 maxime
1115 635 1294 696 auctoribus
1401 694 1402 705 ,

340 738 511 813 didicerim,
529 738 666 798 breuiter
681 737 828 797 intimare
842 737 962 797 curabo.

380 837 501 898 Auctor
527 838 600 896 ante
627 855 737 895 omnes
762 839 855 912 atque
881 835 1004 895 adiutor
1029 833 1172 912 opusculi
1197 831 1294 892 huius

216 935 279 982 inus.
341 934 479 996 Albinus
499 935 577 994 abba
601 934 882 1009 reuerentissimns,
906 934 957 993 uir
977 953 1033 1010 per
1054 931 1160 992 omnin
1180 931 1294 991 doctis·

341 1033 449 1106 simus,
467 1033 592 1106 extitit;
617 1032 673 1108 qui
692 1032 728 1092 in
746 1033 874 1092 ecclesia
887 1031 1127 1093 cantuariorum
1146 1049 1167 1090 a
1185 1029 1295 1090 beatae
1402 1060 1403 1099 1

340 1132 509 1191 memoriae
522 1131 682 1190 Theodoro
699 1130 928 1208 archiepiscopo
945 1134 977 1191 et
993 1130 1155 1191 Hadriano
1171 1129 1292 1202 abbate,

341 1230 418 1290 uiris
432 1229 663 1289 uenerabilibus
677 1236 770 1305 atque
783 1230 1012 1304 eruditissimis,
1029 1229 1206 1301 institutus,
1224 1227 1295 1287 dili-

341 1333 451 1407 genter
473 1327 586 1402 omnia,
611 1347 690 1404 quae
714 1328 750 1386 in
770 1327 837 1405 ipsa
861 1329 1100 1390 cantuariorum
1121 1326 1291 1405 prouincia¹

340 1425 508 1488 ueletiam
531 1426 565 1485 in
588 1425 745 1503 contiguis
768 1427 871 1487 eidem
895 1427 1074 1505 regionibus
1094 1446 1113 1487 a
1132 1423 1294 1502 discipulis
1403 1432 1404 1469 ἰ

341 1527 424 1586 beati
440 1545 536 1602 papae
550 1525 692 1601 Gregorii
705 1533 793 1603 gesta
805 1527 901 1601 fuere,
918 1527 971 1586 uel
992 1524 1199 1586 monimentis
1214 1525 1293 1584 litte

340 1645 454 1698 rarum,
466 1625 519 1684 uel
532 1624 691 1684 seniorum
705 1625 873 1686 traditione
887 1627 1075 1702 cognouerat
1088 1647 1096 1699 ;
1116 1628 1149 1685 et
1165 1643 1203 1683 ea
1215 1622 1295 1684 mihi

341 1724 380 1784 de
394 1723 452 1798 his,
470 1743 548 1801 quae
562 1723 713 1782 memoria
724 1723 819 1800 digna
832 1723 1026 1798 uidebantur,
1043 1743 1099 1800 per
1112 1721 1294 1799 religiosum

342 1815 574 1878 Lundoniensis
592 1817 737 1877 ecclesiae
757 1818 975 1894 presbyterum
996 1817 1214 1889 Nothelmum‚
1230 1816 1296 1875 siue
1404 1808 1405 1861 l

289 1931 291 1936 '
341 1915 454 1976 litteris
474 1916 629 1987 mandata,
651 1915 720 1975 siue
737 1916 836 1992 ipsius
857 1914 1037 1976 Nothelmi¹
1058 1915 1133 1975 uiua
1154 1934 1233 1975 uoce
1256 1935 1299 1974 re

340 2016 475 2088 ferenda,
489 2013 672 2074 transmisit.
719 2014 780 2089 Qui
798 2014 942 2074 uidelicet
963 2013 1154 2074 Nothelmus
1169 2012 1298 2091 postea²

342 2113 473 2172 Romam
499 2112 638 2186 ueniens,
668 2113 838 2173 nonnullas
859 2114 904 2172 ibi
927 2113 1010 2173 beati
1032 2112 1176 2190 Gregorii
1199 2131 1295 2190 papae
1405 2180 1406 2205 ,

342 2212 438 2272 simul
465 2214 497 2271 et
524 2210 657 2270 aliorum
684 2211 869 2288 pontificum
903 2212 1059 2289 epistulas,
1082 2213 1295 2288 lperscnristo
1310 2219 1367 2262 td·-
1405 2208 1406 2229 ;

168 2328 322 2371 nocumenta
343 2310 483 2370 eiusdem
508 2312 629 2369 sanotae
654 2310 797 2369 ecclesiae
818 2311 976 2370 Romanae
996 2310 1118 2384 scrinio,
1141 2310 1297 2387 permissu

167 2386 286 2488 ἓξὲξ
343 2409 418 2482 eius,
436 2407 491 2484 qui
505 2427 590 2467 nunc
604 2407 664 2485 ipsi
679 2409 825 2468 ecclesiae
838 2412 961 2486 praeest
974 2409 1115 2486 Gregorii
1128 2408 1295 2485 pontificis

169 2503 288 2550 ΜΝ·
344 2507 475 2580 inuenit,
493 2526 697 2583 reuersusque
712 2508 803 2568 nobis
817 2512 942 2568 nostrae
955 2508 1104 2569 historiae
1117 2507 1299 2567 inserendas

343 2625 415 2665 cum
450 2604 579 2664 oonsilio
614 2606 744 2682 praefat-i
771 2606 884 2666 Albini
917 2605 1165 2666 reuerentissimi
1200 2605 1298 2682 patris

341 2704 463 2766 adtulit
507 2706 537 2764 Α
552 2704 704 2782 principio
719 2705 823 2783 itaque
843 2705 1015 2766 uoluminis
1029 2705 1124 2765 huius
1144 2705 1296 2781 usquead

342 2808 474 2881 tempus,
490 2825 553 2882 quo
566 2823 643 2882 gens
656 2804 835 2880 Anglorum
849 2805 945 2864 fidem
959 2804 1076 2865 Christi
1095 2805 1243 2881 percepit,
1259 2821 1298 2862 ex

207 2918 267 2961 r'er
343 2902 483 2978 priorum
503 2905 640 2964 maxime
660 2904 784 2980 scriptis
804 2904 879 2963 hinc
899 2904 973 2964 inde
993 2903 1130 2963 collectis
1150 2923 1196 2976 ea,
1221 2923 1299 2980 quae

170 2990 271 3021 wnsrs.
343 3023 565 3080 promeremus,
583 3003 757 3064 didicimus
802 3003 926 3062 Exinde
940 3005 1045 3062 autem
1056 3022 1156 3079 usque
1169 3005 1210 3062 ad
1224 3008 1301 3063 tem·

342 3121 417 3178 pora
447 3103 627 3178 praesentia,
659 3122 739 3178 quae
765 3103 799 3161 in
829 3101 956 3162 ecclesia
980 3101 1222 3162 Gantnariorum
1243 3122 1301 3178 per

343 3200 511 3277 discipulos
523 3201 606 3261 beati
620 3220 717 3277 papae
727 3200 877 3277 Gregorii,
894 3202 962 3261 siue
975 3220 1167 3261 successores
1178 3220 1296 3271 eorum,

342 3299 394 3358 uel
416 3300 474 3358 sub
496 3299 610 3377 quibus
634 3301 760 3376 regibus
780 3303 867 3376 gesta
889 3299 963 3372 sint,
987 3299 1153 3360 memorati
1178 3299 1301 3358 abbatis

344 3397 454 3456 Albini
481 3396 642 3472 industria,
671 3399 849 3474 Nothelmo,
872 3401 909 3458 ut
933 3399 1080 3472 diximus,
1109 3398 1299 3475 perferente,

344 3497 556 3573 cognouimus.
602 3496 662 3571 Qui
676 3497 771 3556 etiam
785 3497 963 3573 prouinciae
977 3496 1189 3556 Orientalium
1203 3496 1302 3556 simul

344 3597 374 3653 et
396 3594 644 3654 occidentalium
670 3595 838 3670 Saxonum,
862 3615 919 3654 nec
944 3615 1008 3654 non
1033 3598 1065 3654 et
1089 3594 1303 3655 Orientalium

343 3693 520 3771 Anglorum
545 3698 637 3770 atque
667 3693 1011 3771 Nordanhymbrorum,
1037 3713 1055 3753 a
1077 3693 1195 3771 quibus
1216 3713 1304 3772 prae

342 3793 469 3866 salibus,
486 3793 538 3852 uel
559 3812 693 3868 quorum
707 3797 848 3869 tempore
866 3813 975 3870 regum
996 3793 1130 3871 gratiam
1143 3792 1304 3870 euangelii

508 3936 515 3964 ¹
534 3935 704 3984 nothelmum
718 3936 747 3985 G.
887 3936 898 3965 ²
913 3937 1096 4000 postquami).
