2859 4334
362 185 424 248 190
625 181 786 248 Histoeto
806 177 1046 248 Eocleaioatiw
1195 182 1284 249 [2¹²¹st

359 376 477 434 regens.
537 356 675 418 Uenerat
701 359 808 417 autem
833 357 874 416 de
901 355 1031 430 Scottis,
1062 353 1196 414 tenente
1217 347 1287 410 adhoc

361 456 577 533 pontificatum
595 455 756 531 Oolmano,
772 459 805 515 et
826 454 994 532 diligenter
1013 473 1060 528 ea,
1078 472 1162 530 quae
1173 450 1211 512 ad
1221 447 1288 510 fidon

360 575 395 616 ao
417 556 579 615 ueritatem
602 556 769 632 pertinent,
791 557 824 615 et
846 554 945 615 uerbo
968 556 1106 614 eunetos
1129 549 1288 618 dooebata

190 663 343 734 notassem
360 673 459 731 opere.
503 653 601 714 Porro
615 653 773 728 fratribus,
790 654 845 730 qui
858 654 893 713 in
907 649 1169 713 Lindisfarnensi
1187 645 1289 709 eeclesia

188 723 319 826 {afflue
360 753 473 813 Scottis
492 752 686 827 abeuntssiua
707 771 871 812 remanere
894 751 1090 826 maluerunt,
1111 741 1290 827 praepositas¹

360 855 407 912 est
421 851 542 911 abbatis
555 851 621 911 iure
639 852 688 910 uir
700 850 976 911 reuerentissimus
995 869 1033 910 ao
1046 846 1292 909 mansuetissimus

360 951 446 1024 Eata,
476 949 530 1026 qui
563 953 630 1009 erat
657 949 752 1010 abbas
778 951 813 1010 in
840 949 1044 1022 monasterio,
1076 947 1166 1025 quod
1192 943 1293 1005 dieitur²

361 1048 508 1122 Mailros;
529 1048 612 1126 quod
636 1049 727 1108 aiunt
749 1048 940 1109 Golmnnum
964 1048 1132 1108 abiturum
1156 1043 1293 1124 petisset

359 1148 529 1224 inpetrasse
542 1167 561 1208 a
574 1166 645 1224 rege
658 1147 757 1207 Osuiu
766 1147 784 1220 ⁸,
798 1166 834 1207 eo
849 1147 933 1223 quod
947 1149 1033 1207 esset
1046 1146 1136 1206 idem
1150 1145 1227 1205 Eata
1236 1159 1295 1202 nnus

360 1246 400 1306 de
427 1245 494 1306 XII
529 1245 633 1322 pueris
659 1245 784 1321 Aidani
815 1265 894 1322 quos
916 1244 1021 1322 primo
1049 1245 1243 1322 episoopatns
1263 1238 1296 1298 eui

360 1347 498 1422 tempore
518 1345 557 1404 de
578 1344 704 1404 natione
725 1343 905 1420 Anglorum
926 1344 1120 1404 erudiendos
1143 1345 1179 1404 in
1200 1341 1296 1403 Christo

361 1443 486 1521 aceepit
529 1443 667 1504 Multum
692 1462 831 1519 namque
861 1444 1002 1503 eundem
1036 1443 1222 1520 episeopum
1249 1435 1297 1499 Col·

360 1561 490 1602 manum
515 1561 571 1601 rex
593 1560 648 1618 pro
670 1541 768 1602 insita
780 1541 830 1601 illi
849 1541 1020 1618 prudentia
1042 1540 1205 1619 diligebat
1244 1537 1298 1613 Ipse

362 1643 409 1700 est
430 1639 515 1716 Bata,
532 1640 587 1718 qui
609 1660 671 1701 non
691 1640 794 1701 multo
814 1643 887 1717 post
908 1640 1014 1700 eidem
1035 1638 1187 1700 eeclesiae
1203 1636 1298 1699 lindis

361 1735 518 1799 sarnensi*
532 1742 692 1816 episeopus
709 1739 808 1799 faetus
826 1742 883 1799 est
929 1739 1055 1800 Abiens
1068 1743 1180 1800 autem
1193 1739 1299 1798 domun
1362 1765 1363 1796 a

361 1837 492 1898 Colman
505 1838 658 1898 adsumsit
668 1857 775 1898 seeum
789 1841 911 1915 partem
927 1857 1060 1898 ossuum
1075 1832 1301 1898 reuerentiam
1363 1820 1365 1903 i

362 1937 460 2013 patris
478 1936 617 2011 Aidani;
638 1939 760 2014 partem
782 1956 858 1998 uero
879 1937 915 1996 in
937 1935 1076 2011 eeclesia,
1094 1937 1149 1996 cni
1170 1935 1298 2014 praeeat
1365 1932 1367 2016 ζ

362 2035 494 2112 reliquit,
511 2035 590 2095 etin
605 2035 767 2096 secretario
781 2035 849 2096 eius
862 2035 956 2095 oondi
969 2037 1142 2114 praecepit
1368 2103 1369 2130 1

190 2147 325 2193 chariam
403 2135 543 2208 Quantae
552 2137 658 2194 autem
671 2133 887 2212 parsimoniae,
899 2135 989 2194 ouius
999 2135 1217 2196 continentiae
1225 2130 1302 2193 fuerit

189 2206 344 2320 fflffi„
361 2233 427 2310 ipse
445 2253 517 2292 oum
538 2233 809 2309 prodecessoribus
829 2233 903 2309 suis,
921 2233 1097 2295 testabatur
1117 2235 1215 2296 etiam
1233 2233 1304 2292 locus

190 2325 318 2370 ammom.
361 2331 422 2406 ille,
436 2351 530 2409 quem
541 2331 696 2409 regebant,
707 2330 761 2391 ubi
772 2332 964 2392 abeuntibus
973 2333 1028 2408 eis,
1042 2337 1175 2411 excepta
1183 2327 1302 2393 wlcan

361 2430 563 2506 paucissimae
581 2431 692 2490 domus
709 2434 850 2507 repertae
866 2434 950 2507 sunt,
967 2433 1028 2492 hoo
1046 2436 1097 2492 est
1115 2433 1190 2494 iliae
1208 2430 1305 2491 solum

361 2529 462 2602 modo,
487 2527 554 2589 sine
576 2528 689 2606 qussaus
707 2529 902 2590 conuersatio
923 2530 1026 2590 ciuilis
1048 2550 1118 2591 esse
1140 2531 1304 2592 nuliatenus

362 2629 490 2704 poterat.
535 2626 589 2686 Nil
604 2627 807 2703 pecuniarum
826 2627 943 2705 absque
964 2629 1132 2706 pecoribus
1152 2627 1302 2690 habebant.

363 2726 474 2804 Siquid
502 2727 587 2786 enim
612 2727 762 2803 pecuniae
789 2745 808 2785 a
835 2726 991 2787 diuitibus
1017 2729 1219 2807 accipiebant,
1242 2741 1302 2786 mox

361 2824 549 2902 pauperibus
576 2823 699 2884 dabant.
757 2824 839 2885 Nam
874 2845 978 2902 neque
1012 2827 1053 2886 ad
1089 2826 1302 2904 susceptionem

362 2923 541 3000 potentium
570 2921 693 2996 saeculi,
719 2922 772 2983 uel
798 2923 948 3000 pecunias
975 2924 1093 3002 colligi,
1125 2925 1178 2986 uel
1206 2925 1303 2984 domus

362 3021 534 3098 praeuideri
555 3040 679 3080 necesse
699 3021 768 3096 fuit,
794 3021 872 3099 qui‘
894 3041 1071 3100 numquam
1094 3025 1135 3084 ad
1159 3021 1301 3085 eeclesiam

363 3120 424 3180 nisi
453 3119 599 3180 orationis
626 3121 752 3179 tantum
786 3122 818 3179 et
847 3121 997 3181 audiendi
1022 3123 1114 3184 uerbi
1143 3122 1201 3183 Dei
1225 3133 1301 3180 eoum

364 3219 538 3279 ueniebant.
583 3217 650 3278 Rex
663 3218 739 3294 ipse,
754 3237 826 3279 oum
840 3219 1037 3297 opoitunitas
1051 3221 1204 3299 exegisset
1210 3221 1227 3293 ⁶,
1239 3233 1300 3276 eum

363 3317 393 3376 V
411 3321 535 3377 tantum
556 3319 611 3378 aut
634 3315 682 3377 v1
705 3317 859 3377 ministris
883 3319 1032 3379 ueniebat
1039 3319 1060 3394 ²,
1081 3324 1115 3380 et
1138 3319 1254 3397 expleta
1270 3313 1300 3372 in

363 3414 489 3475 eeclesia
517 3416 654 3476 oratione
682 3415 865 3477 discedebat.
887 3412 892 3497 Ι
911 3418 1001 3491 Quod
1029 3419 1058 3478 si
1085 3418 1166 3478 forte
1192 3436 1240 3476 eos
1262 3410 1298 3471 stoi
1311 3416 1370 3464 ist*

395 3597 571 3662 ¹propositus
582 3599 616 3651 N.
682 3598 821 3646 ’uocatur
832 3600 862 3649 0.
870 3599 953 3662 ΝΜ,
965 3605 1060 3660 diepam
1070 3606 1100 3650 tn
1110 3601 1144 3651 B.
1214 3594 1297 3644 'wit’

364 3675 393 3725 C.
406 3675 438 3724 N.
450 3673 491 3722 B'.
607 3672 765 3722 ¹demensi
775 3673 810 3724 N.
924 3676 1017 3738 'quia
1028 3677 1065 3725 Μ.
1078 3677 1118 3727 0¹.
1228 3669 1295 3718 ‘exi-

364 3753 444 3815 gisset
456 3751 491 3800 Μ.
629 3747 702 3799 'rex
715 3787 722 3802 .
734 3786 741 3800 .
755 3752 901 3802 ,ueniebat
910 3770 956 3802 om.
968 3755 1000 3815 B,
1008 3758 1197 3814 peraspaoddod
1205 3753 1295 3800 saw

365 3835 466 3892 marsia,
480 3833 554 3878 which
565 3833 586 3878 ts
596 3844 647 3880 now
657 3833 705 3878 lost.
740 3833 808 3879 mae
818 3834 841 3880 is
850 3848 867 3880 a
877 3837 947 3881 mark
957 3836 1102 3893 osroy'ereaeo
1112 3839 1141 3882 tn
1151 3837 1185 3882 ua
1195 3836 1242 3879 aa.
