2859 4334
138 249 198 298 cn.
212 241 271 306 ua]
440 228 556 296 Gentis
578 226 782 313 nuptorum.
1021 229 1086 294 207

137 405 350 483 episcopatum
364 403 467 482 gentis
481 403 667 464 Mer-ciorum
682 401 777 462 simul
792 405 824 462 et
838 401 1086 462 Lindisfarorum

136 504 267 580 (ieadds,
284 503 373 563 iuxts
389 502 532 580 exempla
552 504 677 580 petrum
697 501 906 579 antiquorum,
923 501 957 560 in
974 521 1087 578 magns

135 603 220 664 uitae
240 602 429 681 perfectione
448 601 667 662 administrare
687 601 828 674 curcuit3
849 600 899 660 cui
920 600 1015 660 etiam
1033 619 1087 658 nex

136 698 305 763 Uuliheri¹
319 701 448 761 donauit
466 703 583 761 terram
601 699 627 758 L
648 699 840 760 familiarum
856 699 896 759 ad
910 703 1088 760 construen-

136 800 214 861 dum
235 799 461 860 monasterium
481 798 515 858 in
540 797 615 873 loco,
636 797 690 876 qui
711 797 827 858 dicitur
845 794 1034 871 Adbaruse¹‚
1054 796 1087 856 id

135 902 183 959 est
206 899 257 958 Ad
282 897 410 974 Nemus,
434 897 469 957 in
490 897 651 975 prouincia
674 895 821 970 Lindisei
846 896 965 973 inquo
989 915 1087 973 usque

135 997 229 1058 hodie
251 997 396 1057 instituta
424 995 463 1056 sb
484 997 553 1073 ipso
581 995 732 1073 regularis
755 995 839 1055 uitae
866 993 999 1072 uestigia
1024 1014 1089 1071 per

136 1099 274 1158 manent

176 1194 300 1255 Habuit
324 1198 430 1254 sutem
451 1193 558 1255 sedem
583 1193 788 1271 episcopalem
809 1193 939 1268 inloco,
963 1193 1018 1270 qui
1038 1211 1089 1252 uo·
1104 1209 1143 1254 110
1150 1208 1261 1278 moeurs

136 1297 224 1354 catur
249 1293 474 1372 Lyccidfelth³,
499 1294 534 1353 in
556 1313 617 1370 quo
643 1296 674 1353 et
698 1292 865 1352 defunctus
888 1311 923 1352 sc
947 1292 1088 1368 sepultus
1104 1269 1259 1374 meamh-

136 1396 204 1466 est;
225 1391 280 1452 ubi
303 1410 401 1469 usque
425 1391 518 1452 bodie
541 1391 741 1469 sequentium
766 1410 890 1467 quoque
911 1389 1089 1467 prouinciae

136 1490 223 1550 illius
244 1490 458 1566 episcoporum
478 1489 567 1550 sedes
588 1492 642 1551 est
688 1489 814 1550 Fecerat
835 1509 909 1549 uero
929 1488 991 1548 sibi
1004 1508 1088 1549 man·

136 1589 259 1650 sionem
287 1607 351 1648 non
379 1588 472 1666 longe
500 1587 539 1648 sb
567 1587 695 1649 ecclesie
722 1588 940 1659 remotiorem3
963 1587 998 1646 in
1027 1607 1088 1664 qua

137 1687 287 1748 secretius
308 1706 381 1746 cum
401 1687 518 1764 paucis,
535 1685 567 1746 id
586 1689 634 1747 est
647 1686 714 1746 VII
733 1686 801 1746 siue
816 1686 911 1761 VIII,
927 1685 1084 1760 fratribus,

137 1785 260 1863 quoties
281 1805 299 1844 a
317 1784 422 1844 labore
436 1787 469 1844 ct
489 1783 662 1844 ministerio
682 1785 771 1845 uerbi
792 1784 929 1858 uacabat,
946 1804 1033 1845 orare
1052 1804 1087 1845 ac

137 1884 239 1962 legere
268 1883 395 1944 solebat.
439 1884 500 1958 Qui
533 1903 606 1944 cum
633 1884 667 1943 in
695 1883 751 1943 illa
777 1883 937 1962 prouincia
967 1883 1088 1944 duobus

137 1983 230 2044 aunis
251 2001 286 2042 sc
307 1981 441 2042 dimidio
463 1981 625 2043 ecclesiam
643 1982 864 2059 gloriosissime
885 1983 1022 2056 rexisset
1039 1982 1089 2041 ad·

138 2081 200 2141 fuit
208 2100 344 2158 superno
353 2080 554 2158 dispensante
563 2079 677 2141 iudicio
686 2085 818 2157 tempus,
831 2081 870 2142 de
880 2102 942 2158 quo
950 2080 1090 2158 loquitur

74 2195 105 2239 ιιι
138 2178 350 2253 Ecclesiastes,
372 2181 465 2256 quia:
490 2179 643 2256 ‘Tempus
657 2179 806 2240 mittendi
818 2178 944 2256 lapides,
961 2182 994 2239 et
1012 2182 1088 2240 tem-
1106 2196 1218 2251 scoryor

138 2297 198 2356 pus
218 2277 405 2354 colligendi!
447 2277 634 2353 Superuenit
655 2297 791 2354 nemque
811 2277 914 2338 clades
935 2277 1089 2337 diuinitus
1106 2256 1238 2302 mm·

44 2401 50 2430 ι
104 2423 108 2432 .
137 2377 242 2452 missa,
261 2396 339 2454 quse
352 2395 409 2454 per
425 2379 560 2436 mortem
582 2376 682 2436 cernis
701 2377 793 2437 uiuos
808 2375 953 2436 ecclesiae
971 2376 1090 2453 lapides

137 2475 177 2536 de
190 2475 326 2536 terrenis
346 2475 471 2536 sedibus
490 2476 530 2535 ad
551 2475 729 2536 aedificium
750 2474 880 2535 coeleste
898 2475 1086 2536 transferret

137 2576 282 2652 Oumqus
304 2573 450 2651 plurimis
471 2574 510 2635 ds
532 2573 659 2635 ecclesia
681 2574 822 2635 eiusdem
844 2575 1089 2635 reuerentissimi

136 2673 289 2736 antistitis
310 2673 348 2733 ds
368 2692 459 2732 carue
479 2672 655 2746 subtractis,
679 2673 802 2733 ueniret
822 2673 899 2733 hors
918 2673 1026 2750 ipsius,
1052 2677 1089 2733 ut

32 2835 39 2843 ,,
52 2793 65 2820 0
138 2775 287 2834 transiret
312 2791 349 2832 ex
374 2772 433 2832 hoc
461 2772 582 2832 mundo
610 2772 650 2832 ad
674 2772 856 2847 Dominum,
883 2773 1013 2849 contigit
1038 2772 1089 2832 die

32 2849 66 2950 ²1¹
70 2871 74 2880 '
86 2913 107 2943 a
137 2871 282 2950 quadam,
301 2873 336 2929 ut
355 2869 389 2928 in
404 2869 542 2946 praefata
560 2866 564 2947 l
583 2869 746 2930 mensione
761 2870 841 2931 forte
855 2870 922 2947 ipse
935 2891 1007 2931 cum
1025 2891 1089 2932 uuo

139 2972 267 3031 tantum
282 2968 383 3042 fratre,
402 2968 454 3027 cui
466 2968 654 3029 uocabulum
668 2972 734 3029 srst
748 2969 844 3030 Ouini
852 2970 871 3044 ⁴,
889 2989 1090 3030 commorare

137 3071 200 3142 tur,
218 3067 326 3127 ceteris
340 3066 408 3126 eius
422 3066 514 3126 sociis
531 3086 587 3144 pro
606 3085 697 3127 causa
710 3070 862 3144 oportuna
875 3068 915 3128 ad
930 3068 1089 3128 ecclesiam

138 3166 281 3226 reuersis.
327 3164 402 3225 Erat
424 3167 530 3224 autem
552 3165 636 3226 idem
659 3165 774 3226 Ouini⁸
792 3165 965 3226 monachus
984 3166 1089 3243 magni

138 3265 253 3337 meriti,
271 3265 302 3323 et
319 3282 397 3339 pura
414 3263 590 3325 intentione
607 3284 759 3341 supernae
776 3263 989 3325 retributionis
1002 3284 1090 3325 mun·

138 3364 217 3424 dum
232 3361 459 3438 derelinquens,
477 3361 651 3439 dignusque
665 3382 721 3439 per
739 3362 853 3439 omnia,
870 3364 921 3423 cui
934 3363 1091 3424 Dominus

137 3461 317 3540 specialiter
344 3479 401 3520 sus
429 3459 581 3520 rouelsret
607 3481 725 3537 arcano,
757 3462 878 3538 dignus,
910 3462 960 3522 cui
994 3461 1089 3523 fidem

139 3559 279 3622 narranti
307 3558 468 3619 audientes
495 3559 773 3620 accommodarent.
834 3559 972 3622 Uenerat
1005 3561 1090 3622 euim

170 3741 178 3772 ¹
197 3759 238 3792 ·re
250 3741 279 3791 0.
292 3741 325 3790 13²
336 3760 341 3798 ;
359 3741 459 3792 uulreri
471 3742 504 3792 N.
618 3740 629 3771 ¹
645 3743 770 3794 -bearuae
781 3743 810 3794 G.
935 3747 945 3776 ¹
960 3746 1037 3794 licid-
1049 3747 1071 3796 Β
1084 3765 1090 3807 ;

138 3822 230 3873 liccid·
243 3821 293 3882 B²;
309 3821 445 3872 licoidreld
457 3821 477 3872 C
489 3837 496 3882 ;
514 3821 628 3872 lieidlelt
640 3821 673 3872 N.
802 3822 812 3852 ¹
828 3837 874 3872 -ne
885 3821 938 3883 B²;
954 3826 1049 3872 mruini
1060 3827 1091 3875 O.

138 3903 148 3934 ⁸
164 3901 260 3952 osuini
273 3900 303 3951 G.
