2859 4334
380 249 442 313 138
645 248 803 315 Historia
825 248 1055 315 Ecclesiastico
1202 259 1264 323 [ns
1272 262 1306 309 111.

376 421 534 498 incognita
555 423 804 501 progenitoribus
823 423 890 484 suis
910 443 1006 501 regna
1026 422 1181 482 caelorum
1203 440 1308 498 spenra

376 519 506 594 didicit;
527 521 581 580 sed
596 525 627 581 et
636 542 734 600 regna
743 526 895 583 terrarum
909 523 982 599 plus
994 541 1089 599 quam
1102 521 1161 580 ulli
1170 520 1307 580 maiorum

376 637 513 686 suorum,
527 620 685 680 abeodem
696 641 760 682 uno
770 623 835 682 Deo
844 621 862 697 ¹,
877 621 932 699 qui
941 620 1015 681 fecit
1024 620 1146 680 caelum
1156 623 1188 679 et
1198 622 1304 689 terram,

377 721 558 777 consecutus
571 721 627 778 est.
672 719 815 797 Denique
829 739 937 779 omnes
950 719 1092 779 nationes
1105 721 1137 778 et
1149 717 1307 794 prouincias

376 815 558 890 Brittaniae,
583 836 661 893 quae
684 817 720 877 in
742 817 816 878 1111
840 818 970 895 linguas,
995 817 1029 877 id
1053 819 1101 877 est
1124 816 1304 887 Brettonun,

376 913 546 990 Pictorum,
572 915 757 993 Scottorum,
782 920 814 976 et
834 917 1020 994 Anglorum,
1045 915 1163 976 diuisae
1182 913 1306 989 suntin

375 1011 496 1072 dicione
510 1013 633 1091 accepit.

278 1139 300 1171 ιο
417 1109 485 1184 Quo
506 1111 595 1189 regni
620 1111 757 1172 culmine
778 1113 974 1186 sublimatus,
1001 1111 1216 1183 nihilominus
1240 1107 1307 1187 quod

375 1207 493 1268 mirum
526 1210 612 1270 dictu
639 1214 695 1282 est,
723 1211 911 1290 pauperibus
942 1215 975 1270 et
1005 1210 1179 1288 peregrinis
1203 1226 1308 1284 semper

375 1306 514 1382 humilis,
544 1308 707 1385 benignus,
735 1312 767 1370 et
795 1309 900 1387 largus
923 1309 992 1370 fuit
1045 1308 1189 1385 Denique
1215 1308 1306 1375 ianm,

375 1405 447 1481 quia
472 1409 611 1482 tempore
636 1407 779 1484 quodam,
805 1427 877 1468 omn
898 1408 949 1468 dis
970 1411 1078 1468 sancto
1099 1407 1229 1484 paschae
1249 1423 1307 1464 cun

375 1504 510 1582 praefato
524 1505 666 1582 episcopo
684 1507 874 1567 consedisset
890 1507 929 1566 ad
948 1505 1123 1584 prandium,
1144 1503 1307 1582 positisque

376 1605 455 1661 esset
479 1602 514 1661 in
537 1623 647 1664 mensa
671 1624 774 1664 coram
795 1624 831 1664 eo
855 1604 958 1665 discus
982 1607 1149 1682 argenteus
1170 1601 1307 1680 regalibus

376 1701 476 1777 epulis
489 1701 630 1776 refertus,
648 1706 679 1762 et
693 1701 901 1780 iamiamque'
914 1707 1017 1764 essent
1030 1723 1146 1763 manus
1159 1703 1198 1762 ad
1210 1717 1306 1778 pmcn

374 1799 621 1860 benedicendum
653 1800 788 1876 missuri,
827 1801 961 1862 intrasse
998 1801 1104 1862 subito
1142 1800 1306 1862 ministrum

375 1897 480 1974 ipsius,
498 1898 548 1957 cui
559 1897 828 1976 suscipiendorum
842 1899 974 1976 inopum
984 1903 1051 1958 erat
1065 1919 1141 1959 cura
1153 1899 1282 1974 delegata
1288 1894 1304 1965 ³,

375 1999 406 2056 et
425 1997 576 2056 indicasse
595 1997 667 2074 regi,
686 1997 760 2074 quia
779 1996 950 2058 multitudo
968 2017 1142 2074 pauperum
1158 1997 1307 2056 undecum-

375 2115 435 2171 que
451 2095 620 2155 adueniens
638 2095 775 2155 maxima
790 2115 845 2173 per
861 2095 981 2173 plateas
997 2096 1127 2171 sederet,
1144 2091 1307 2172 postulans*

375 2193 493 2271 aliquid
518 2194 709 2271 elimosynas
732 2214 751 2253 a
774 2214 853 2272 rege
898 2194 960 2270 Qui
983 2214 1057 2254 mox
1080 2194 1177 2272 dapes
1199 2192 1308 2252 sibimet

376 2293 530 2367 adpositas
548 2292 663 2353 deferri
681 2293 877 2369 pauperibus,
894 2294 949 2353 sed
970 2297 1003 2352 et
1019 2294 1144 2353 discum
1161 2288 1306 2364 confringi,

375 2392 468 2466 atque
492 2390 610 2451 eisdem
634 2391 817 2452 minutatim
839 2391 940 2452 diuidi
960 2390 1125 2468 praecepit
1170 2391 1235 2466 Quo
1252 2387 1309 2447 uiso

375 2488 525 2564 pontifex,
555 2490 609 2566 qui
631 2489 799 2565 adsidebat,
824 2490 995 2550 delectatus
1016 2490 1074 2549 tali
1094 2491 1177 2550 facto
1193 2485 1306 2566 pietatis,

376 2586 582 2661 adprehendit
609 2588 769 2649 dexteram
796 2589 873 2664 eius,
899 2594 931 2648 et
960 2589 1027 2650 ait:
1060 2589 1253 2666 ‘Numquam
1271 2585 1309 2642 in·

375 2687 564 2745 ueterescat³
588 2685 662 2746 haee
687 2689 821 2747 manus’
863 2687 953 2762 Quod
976 2691 1008 2748 et
1032 2687 1078 2747 ita
1103 2687 1193 2748 iuxta
1214 2691 1309 2746 uotum

374 2783 599 2843 benedictionis
617 2785 684 2846 eius
700 2785 853 2862 prouenit.
899 2786 982 2846 Nam
1000 2807 1074 2846 cum
1091 2786 1248 2847 interfecto
1263 2781 1308 2841 illo

378 2882 432 2941 in‘
448 2902 561 2958 pugna,
579 2903 694 2943 manus
708 2903 782 2943 cum
797 2884 923 2944 brachio
936 2904 956 2944 a
969 2889 1071 2944 cetero
1085 2887 1191 2944 essent
1203 2898 1310 2958 corpore
1376 2904 1377 2981 p

376 2983 509 3039 resectae
520 2981 538 3054 ²,
557 2980 694 3058 contigit,
715 2985 751 3041 ut
769 2982 921 3042 hactenus
935 2983 1134 3060 incorruptae
1149 2979 1306 3060 perdurent-

376 3078 517 3155 Denique
532 3079 566 3138 in
577 3079 652 3139 urbe
663 3080 755 3158 regia,
769 3100 878 3157 quasa
887 3081 997 3158 regina
1007 3083 1168 3158 quondam
1177 3075 1309 3142 uocabulo
1375 3134 1376 3139 ,

376 3167 482 3236 Bebba
496 3179 741 3254 cognominatur,
759 3179 861 3239 loculo
875 3179 1016 3240 inclusae
1028 3184 1179 3257 argenteo
1191 3181 1224 3239 in
1235 3175 1309 3237 eccle·
1375 3170 1376 3185 ¹

374 3273 421 3334 sia
437 3275 538 3334 sancti
558 3275 645 3338 Petri
665 3280 838 3354 seruantur,
856 3297 891 3338 ac
913 3278 1010 3356 digno
1030 3299 1050 3340 a
1070 3279 1192 3340 cunctis
1210 3277 1309 3337 honore

375 3377 571 3434 uenerantur.

227 3483 325 3550 mono·
416 3471 523 3530 Huius
554 3472 707 3533 industria
734 3475 815 3553 regis
844 3476 1019 3537 Derorum⁸
1047 3479 1080 3538 et
1113 3475 1309 3537 Bernicionrm

227 3552 345 3644 ᾞζξ
375 3567 560 3643 prouinciae,
582 3589 661 3646 quae
681 3575 809 3631 eatenus
829 3572 869 3632 ab
887 3572 1027 3634 inuicem
1049 3573 1263 3641 discordabant,
1279 3565 1309 3624 in

409 3746 545 3796 ¹domino
557 3749 596 3810 C;
613 3753 752 3812 godans
851 3751 1030 3817 ’iamquec.
1134 3747 1309 3817 'diligtsst

377 3825 494 3887 deligata
505 3826 545 3874 13¹.
559 3825 600 3877 N¹.
743 3831 752 3858 ¹
768 3833 937 3893 postulantes
947 3834 977 3882 C.
1112 3835 1123 3865 ⁸
1138 3836 1229 3883 -uscnt
1238 3829 1263 3878 C.
1273 3827 1308 3874 B‘·

376 3903 386 3929 ⁸
403 3903 433 3951 in
444 3921 487 3952 orn.
502 3903 537 3954 Μ.
552 3904 592 3954 N'.
660 3904 670 3935 ²
686 3913 818 3958 resecatus
829 3910 858 3960 O.
921 3913 932 3941 ¹
948 3912 1090 3962 deirorum
1100 3913 1134 3964 N.
