2859 4334
331 267 394 331 132
597 265 754 332 Historia
776 266 951 331 Ecclceaoat
892 265 899 279 ‘
954 264 1006 329 ica
1155 271 1225 337 [tra.
1240 275 1289 324 111

159 449 241 494 Heflx
242 451 313 496 mnis
372 439 520 500 Uenient'
496 444 521 501 tr
536 441 594 519 igit
594 463 631 502 ur
649 443 687 502 ad
702 463 736 502 se
754 442 905 518 episcopo,
922 460 977 500 ιθιι
996 439 1102 498 Ιοθιιιιι
1119 436 1206 497 sedis
1226 435 1292 512 epi·

159 509 241 554 Seeat

158 568 186 612 Li
188 569 255 672 ῃῖω.
331 539 497 614 scopalis
488 560 521 598 ιιι
550 540 654 601 insula
681 539 939 612 Lindieiaruensi,
965 537 1058 598 ubi
1048 557 1116 614 rpse
1146 536 1288 614 petebat,

157 623 214 670 tarn

330 637 449 698 tribuit.
495 639 554 714 Qui
583 638 727 699 uidelicet
755 639 842 698 locus
865 639 1029 698 accedente
1056 657 1093 697 ac
1121 635 1292 695 recedente

330 742 452 797 reuma
453 759 478 812 e
439 739 545 798 tbis
564 739 675 798 cotidie
691 739 791 798 instar
811 738 931 797 insulae
949 737 1046 795 maris
1064 735 1291 794 circumluitur

329 836 432 910 undio,
453 837 503 897 bis
519 838 669 898 renudato
690 837 795 896 littore
814 835 979 912 contiguus
999 840 1101 894 terrae
1120 833 1290 905 redditur;

329 934 423 1011 atque
452 937 518 996 eius
543 937 808 996 admonitionibus
835 934 999 994 humiliter
1024 954 1061 993 ac
1089 933 1228 992 libenter
1250 932 1289 991 in

251 1059 253 1064 ·
331 1033 479 1094 omnibus
502 1036 687 1109 auscultans,
715 1034 875 1094 ecclesiam
902 1032 1017 1093 Christi
1046 1032 1082 1092 in
1107 1052 1204 1108 regno
1228 1050 1291 1090 suo

332 1132 471 1192 multum
486 1133 652 1210 diligenter
668 1133 828 1194 aedificare
845 1151 881 1191 ac
898 1131 1028 1190 dilatare
1042 1130 1173 1191 curauit
1219 1129 1289 1189 Ubi

331 1230 540 1306 pulcherrimo
556 1253 645 1309 saepe
656 1230 830 1308 spectaculo
844 1229 983 1306 contigit,
997 1233 1034 1290 ut
1048 1229 1291 1306 euangelizantc

331 1329 481 1404 antistite,
500 1331 555 1407 qui
568 1331 746 1408 Anglorum
756 1330 898 1407 linguam
912 1329 1049 1405 perfecte
1061 1348 1126 1388 non
1141 1331 1288 1400 nouerat,

331 1427 398 1503 ipse
428 1449 481 1488 rex
509 1430 575 1490 suis
602 1431 733 1489 ducibus
763 1449 798 1488 ac
828 1427 985 1487 minist-ris
1012 1428 1168 1504 interpres
1197 1427 1291 1486 uerbi

331 1527 477 1587 existeret
494 1528 635 1588 caelestis
646 1551 654 1602 ;
676 1528 749 1604 quia
758 1525 767 1556 ¹
777 1525 930 1585 nimirum
945 1528 1011 1584 tam
1022 1526 1120 1602 longo
1133 1525 1222 1585 exilii
1235 1526 1290 1586 sui

330 1627 469 1702 tempore
483 1627 621 1703 linguam
635 1628 811 1686 Scottorum
828 1624 890 1683 iam
902 1622 994 1701 plene
1008 1623 1165 1684 didicerat
1201 1623 1290 1684 Exin

331 1743 457 1800 coepere
478 1726 583 1801 plures
599 1745 655 1802 per
675 1725 743 1784 dies
764 1726 802 1785 de
825 1723 1004 1783 Scottorum
1026 1723 1155 1799 regione
1175 1723 1289 1783 uenire

331 1823 519 1884 Brittaniam
548 1827 640 1900 atque
669 1823 734 1882 illis
757 1821 933 1898 Anglorum
961 1821 1142 1897 prouinciis.
1169 1823 1289 1899 quibus

330 1922 473 1998 regnauit
488 1923 604 1982 Osuald
616 1921 634 1996 ²,
652 1942 766 1998 magna
780 1919 947 1980 deuotione
962 1921 1098 1980 uerbum
1113 1921 1189 1981 tidei
1204 1941 1290 1997 prae·

330 2019 432 2079 dicare
460 2023 492 2080 et
522 2021 719 2080 credentibus
746 2019 877 2097 gratiam
905 2018 1062 2094 baptismi,
1094 2021 1289 2097 quicumque

330 2119 510 2180 sacerdotali
524 2124 612 2180 erant
624 2121 719 2197 gradu
731 2118 870 2196 praediti,
885 2117 1072 2178 ministrare
1118 2121 1288 2180 Construc-

330 2215 444 2277 bantur
463 2238 536 2296 ergo
553 2218 698 2278 ecclesiae
717 2238 772 2294 per
788 2217 863 2290 loca,
884 2213 1086 2277 confluebant
1104 2218 1144 2278 ad
1161 2218 1287 2278 audien-

331 2315 408 2374 dum
434 2318 565 2376 uerbum
587 2318 694 2395 populi
722 2317 901 2392 gaudentes,
930 2314 1131 2376 donabantur
1153 2335 1285 2376 munere

330 2413 414 2488 regio
428 2415 636 2490 possessiones
649 2419 681 2476 et
699 2412 854 2474 territoria
872 2411 910 2471 ad
929 2413 1149 2474 instituenda³
1164 2433 1285 2474 monae

330 2511 415 2583 teria,
433 2511 646 2574 inbuebantur
666 2514 915 2590 praeceptoribus
936 2514 1053 2575 Scottis
1073 2513 1200 2590 paruuli
1220 2514 1285 2574 Αιι·

329 2608 452 2684 giorum
477 2630 541 2670 una
571 2631 643 2671 curn
668 2612 837 2671 maioribus
864 2613 979 2673 studiis
1006 2615 1040 2672 et
1066 2611 1283 2672 obseruatione

329 2706 511 2783 disciplinae
525 2709 679 2786 regularis.

260 2822 272 2852 e
371 2804 453 2865 Nam
470 2809 614 2868 monachi
633 2813 723 2868 erant
741 2809 886 2883 maxime,
908 2809 962 2886 qui
983 2811 1023 2868 ad
1040 2808 1282 2886 praedicendum

232 2881 261 2969 io
328 2909 488 2964 uenerant
528 2905 697 2966 Monachus
711 2907 778 2983 ipse
789 2907 950 2983 episcopus
963 2908 1077 2968 Aedan
1086 2909 1106 2983 ⁴,
1120 2911 1228 2985 utpote
1243 2906 1284 2966 de

158 2996 253 3088 '222'
330 3000 440 3076 insula,
455 3023 533 3080 quae
545 3007 673 3063 uocatur
684 3004 749 3079 Hii,
761 3005 943 3080 destinatus,
958 3005 1048 3066 cuius
1056 3006 1283 3067 monasterium

329 3099 363 3158 in
373 3101 492 3160 cunctis
500 3122 580 3178 pene
590 3103 883 3178 septentrionalium
894 3106 1084 3180 Scottorum,
1098 3109 1132 3166 et
1142 3103 1282 3166 omnium

329 3196 489 3258 Pictorum
510 3201 707 3260 monasteriis
725 3222 789 3261 non
809 3222 907 3278 paruo
924 3207 1067 3279 tempore
1084 3224 1187 3264 arcem
1200 3206 1283 3262 tene·

329 3295 389 3370 bat,
414 3298 618 3374 regendisque
639 3319 747 3359 eorum
770 3301 895 3377 populis
914 3305 1079 3378 praeerat3
1100 3322 1180 3379 quae
1198 3300 1283 3359 uide-

329 3392 401 3452 licet
420 3394 542 3454 insula⁶
562 3397 601 3456 ad
625 3397 674 3456 ius
698 3399 827 3476 quidem
848 3400 1024 3461 Brittaniae
1046 3402 1193 3477 pertinet
1214 3417 1281 3456 uon

329 3507 442 3566 magno
461 3493 499 3551 ab
520 3513 555 3552 ea
576 3495 654 3554 freto
679 3496 819 3573 discreta,
840 3499 894 3558 sed
914 3498 1087 3560 donatione
1107 3500 1277 3566 Pictorum,

331 3585 383 3660 qui
403 3586 473 3647 illas
491 3591 663 3652 Brittaniae
679 3593 787 3670 plagas
806 3594 957 3669 incolunt,
974 3596 1164 3657 iamdudum
1178 3612 1280 3655 mona·

359 3816 433 3880 ¹qui
445 3821 477 3870 N.
538 3821 609 3872 ²rex
622 3825 722 3874 Oeuald
733 3826 764 3874 B.
777 3825 815 3876 0¹.
871 3826 1062 3878 ’instruenda
1074 3829 1107 3880 N.
1171 3825 1278 3876 ‘aidan

328 3895 407 3946 0.Βῖ
472 3899 698 3953 ⁵insulaom.lt¹.
