2859 4334
144 293 205 345 cn.
218 288 298 353 xvi]
447 278 562 345 Gentis
584 279 789 366 Arcglorrcm.
1033 281 1094 343 117

143 451 337 530 episcopatus
356 453 389 512 in
409 453 535 514 ciuitate
557 453 738 528 Domnoc¹3
769 457 802 513 et
824 474 896 513 cum
917 453 948 512 X
970 473 1005 512 cc
1027 452 1095 512 vn

142 571 242 610 annos
254 551 366 610 'eidem
380 552 555 629 prouinciae
576 553 747 630 pontificali
760 552 913 630 regimine
929 554 1091 630 praeesset,

142 649 261 710 ibidem
275 649 309 708 in
323 670 397 726 pace
413 650 512 710 uitem
526 651 640 711 finiuit

517 897 609 960 OAP.
633 898 721 959 XVI.

212 1062 241 1108 Ul
252 1062 370 1108 Paulinus
381 1063 407 1106 in
413 1063 540 1117 prouincia
551 1063 658 1108 lindissi
664 1063 845 1120 praedicanerit,
856 1066 876 1108 a
886 1065 913 1107 de
923 1063 1034 1118 wirae

518 1141 585 1197 regni
594 1141 700 1186 leduini
709 1135 730 1191 ².

50 1272 125 1322 ilua.
202 1253 206 1332 l
226 1255 455 1314 Pnenmcsnar
476 1257 581 1314 autem
596 1256 750 1315 Paulinus
768 1256 899 1316 uerbum
917 1255 1013 1316 etiem
1031 1276 1098 1332 pro-
1114 1271 1238 1316 Paulinus

144 1353 266 1414 uineiae
272 1352 418 1428 Lindissi,
426 1373 506 1429 quae
516 1357 562 1412 est
573 1353 676 1429 prima
684 1355 721 1414 ad
731 1353 935 1414 meridianem
940 1354 1096 1413 Humbre³
1113 1332 1231 1445 {mgf
1241 1331 1269 1376 ³¹¹

143 1450 284 1512 fluminis
308 1451 415 1528 ripam,
443 1452 626 1531 pertingens
653 1473 752 1529 usque
778 1453 817 1512 ad
846 1472 938 1526 mare,
966 1453 1097 1530 praefec-

142 1557 276 1629 tumque
290 1551 508 1611 lindocolinae
522 1551 665 1626 ciuitatis,
683 1552 733 1611 oui
748 1571 863 1611 nomen
877 1555 943 1612 erat
957 1553 1093 1628 Blaecca,

142 1651 283 1728 primum
304 1669 376 1710 cum
398 1651 495 1710 domu
516 1669 573 1710 sua
594 1649 750 1710 conuertit
770 1650 809 1710 ed
830 1650 1009 1711 Dominum.
1055 1651 1096 1710 In

142 1769 205 1827 quc
233 1748 376 1808 uidelicet
396 1749 524 1808 ciuitate
548 1751 580 1809 et
604 1749 764 1808 ecclesiam
789 1749 890 1826 operis
917 1748 1032 1826 egregii
1057 1749 1096 1809 de

142 1847 247 1925 lapide
265 1847 359 1921 fecit;
384 1847 471 1907 cuius
485 1849 566 1908 tecto
584 1848 635 1907 uel
656 1847 749 1925 longa
767 1848 892 1921 incuria,
914 1849 964 1907 uel
987 1848 1095 1908 hostili

143 1967 242 2007 manu
270 1947 395 2019 deiecto,
426 1947 560 2023 parietes
590 1946 740 2006 hactenus
767 1949 849 2006 stare
876 1946 1031 2022 uidentur,
1064 1951 1097 2008 et

143 2044 293 2106 omnibus
316 2045 533 2122 cubiculique
556 2046 727 2105 sanitatum
752 2045 901 2106 miracula
925 2045 959 2105 in
986 2046 1096 2106 eodem

143 2145 213 2204 loco
227 2145 330 2204 solent
343 2145 382 2204 ad
397 2146 566 2205 utilitatem
581 2165 698 2220 eorum,
716 2145 770 2220 qui
785 2143 919 2203 fideliter
932 2149 1093 2221 quaerunt,

142 2244 275 2304 ostendi
334 2243 375 2303 In
410 2263 471 2320 qua
498 2243 625 2304 ecclesia
652 2243 815 2318 Paulinus,
845 2246 1027 2303 transeunte
1057 2244 1095 2304 ad

142 2343 308 2403 Christum
336 2343 433 2418 Iusto,
464 2342 642 2403 Honorium
671 2363 727 2418 pro
754 2363 791 2402 eo
819 2343 1010 2403 consecrauit
1037 2343 1099 2420 epi·

143 2461 283 2517 scopum,
307 2442 398 2502 utin
419 2441 623 2520 sequentibus
644 2461 700 2500 suo
722 2441 789 2501 loco
811 2441 957 2503 dicemus.

186 2540 235 2598 De
259 2539 355 2600 huius
376 2540 438 2600 fide
459 2540 636 2618 prouinciae
664 2539 802 2600 narrauit
829 2538 910 2598 mihi
936 2541 1098 2619 presbyter

142 2641 176 2697 et
211 2635 308 2698 obbas
345 2639 472 2716 quidam
507 2640 557 2699 uir
588 2639 805 2699 ueracissimus
838 2638 876 2698 de
911 2639 1097 2698 monasterio

142 2737 321 2796 Peartaneu
330 2739 349 2812 ⁴,
374 2738 522 2797 uocabulo
544 2738 637 2812 Dede,
663 2737 828 2798 retulisee³
850 2721 913 2796 'sibi
940 2738 1097 2814 quendam

141 2835 310 2910 seniorem,
334 2835 524 2912 baptizatum
548 2857 581 2896 ee
605 2837 701 2896 fuisse
723 2835 898 2896 diomedia
921 2856 940 2895 a
963 2835 1098 2896 Paulino

141 2933 297 3011 episcopo,
325 2938 485 3010 praesente
507 2955 578 3012 rege
600 2935 764 3009 AEduino'¹,
786 2939 817 2996 et
836 2936 969 2995 multem
991 2934 1098 3011 populi

141 3033 271 3092 turbam
285 3031 319 3092 in
335 3033 432 3094 fluuio
446 3034 602 3109 Treente⁷,
616 3036 704 3095 iuxta
719 3033 886 3107 ciuitatem,
898 3054 976 3112 quae
989 3033 1099 3110 lingua

139 3131 324 3209 Anglorum
345 3131 662 3210 Tiouulfingaceestir⁸
683 3136 829 3206 neretum
853 3132 908 3210 qui
924 3132 1019 3192 etiam
1033 3131 1097 3191 effi-

138 3230 230 3309 giem
246 3230 386 3290 eiusdem
406 3230 532 3290 Paulini
550 3230 665 3290 referre
684 3234 764 3291 esset
782 3229 902 3302 solitus,
921 3230 1002 3306 quod
1017 3234 1098 3289 esset
1115 3249 1271 3303 supercon-

140 3329 197 3389 uir
211 3328 323 3406 longae
342 3332 488 3402 staturae,
505 3328 669 3404 paululum
689 3328 847 3403 incuruus,
865 3329 956 3406 nigro
973 3328 1093 3404 capillo,
1114 3309 1251 3414 ww

138 3425 224 3487 facie
234 3427 408 3502 macilente,
421 3447 496 3486 naso
507 3426 627 3486 adunco
640 3426 792 3503 pertenui,
806 3426 992 3486 uenerabilis
1002 3426 1099 3487 simul

137 3531 176 3588 et
199 3526 349 3588 terribilis
372 3529 505 3602 aspectu.
550 3525 670 3586 Habuit
691 3528 797 3586 autem
821 3545 926 3585 secum
949 3525 982 3584 in
1005 3525 1096 3586 mini·

136 3628 240 3690 sterio
255 3629 287 3685 et
301 3623 449 3684 Iacobum
464 3624 637 3700 diaconum,
655 3623 760 3686 uirum
779 3623 886 3700 utique
904 3624 1096 3684 industrium

177 3783 417 3842 ¹dommoc03in
429 3781 551 3830 dommoc
562 3783 662 3830 ceastre
673 3781 734 3832 AS.
880 3779 1001 3830 ¹eduini
1013 3781 1043 3831 B.
1058 3783 1082 3830 N
1092 3799 1099 3841 ;

135 3864 260 3914 ednuini
273 3862 301 3912 (l.
392 3859 474 3908 ¹·rce
485 3859 554 3908 B.O.
639 3858 748 3908 *alenc
758 3863 806 3908 into
817 3859 853 3908 -ei
865 3857 906 3909 B’.
990 3861 1098 3909 'retul-

137 3945 208 3996 lissc
221 3940 257 3992 ll.
356 3937 367 3967 ⁸
382 3939 503 3989 eduum
515 3938 543 3988 0.
643 3934 652 3963 ²
669 3939 761 3987 trenta
772 3936 804 3988 B.
903 3936 913 3965 ⁸
929 3939 1037 3988 -caeetir
1049 3939 1077 3990 Ο.
