2859 4334
320 250 385 315 346
584 248 743 315 Histoire
764 248 994 315 Eccleaiostioo
1162 260 1229 324 [ιιι.
1240 264 1272 311 ν.

321 426 446 499 tempus
472 422 604 500 paschae
629 443 700 483 cum
729 424 878 484 uniuersa
901 442 971 483 mea
997 426 1093 501 gente
1120 426 1272 501 perpetuo

321 522 413 595 uolo;
434 522 515 581 hanc
532 523 669 599 accipere
688 521 819 582 debere¹
839 524 1010 596 tonsuram,
1029 540 1125 599 quam
1142 522 1272 599 plenam

320 639 387 681 esse
408 620 556 681 rationis¹
584 621 758 695 audimnn',
783 640 901 695 omnes,
928 620 984 697 qni
1010 619 1046 679 ιιι
1074 639 1147 679 meo
1173 639 1271 697 regno

320 722 404 793 sunt,
422 718 549 779 clericos
563 720 715 780 decerno!
757 718 822 779 Nec
835 738 931 794 mora,
947 737 1027 795 quae
1040 718 1170 793 fflxerat,
1187 718 1272 796 regin

320 819 501 879 auctoritate
529 817 666 896 perfecit.
719 817 837 879 Statim
864 837 1002 895 namque
1028 816 1117 877 iussu
1145 817 1272 894 puplico

320 916 528 977 mittebantur
542 915 580 977 ad
595 916 875 991 transcribendum,
892 915 1086 989 discendum,
1105 915 1271 976 obseruan-

320 1014 406 1091 dum,
419 1035 475 1091 per
485 1015 646 1077 uniuersas
658 1014 820 1075 Pictorum
831 1013 1007 1092 prouincias
1017 1013 1125 1075 circuli
1139 1014 1272 1091 paschae

320 1113 593 1189 decennouenales,
607 1112 796 1174 oblitteratis
808 1132 864 1189 per
874 1111 982 1171 omnia
994 1113 1134 1172 erroneis
1147 1110 1273 1173 LXXX

319 1214 352 1272 et
372 1211 446 1273 IIII
468 1231 624 1273 annorum
647 1211 779 1272 circulis
821 1208 1087 1273 Adtendebautur
1107 1210 1272 1273 omnesin

319 1330 464 1371 coronam
485 1310 622 1371 ministri
642 1309 750 1371 altaris
770 1310 824 1369 ιι*
843 1308 1009 1384 monachi3
1030 1313 1063 1369 et
1081 1309 1170 1386 quasi
1187 1329 1272 1371 nouo

319 1429 352 1469 se
372 1410 572 1487 discipulatui
590 1409 764 1470 beatissimi
782 1408 995 1486 apostolorum
1014 1408 1168 1485 principis
1183 1407 1273 1471 Petri

320 1509 486 1583 subditam,
510 1508 639 1585 eiusque
659 1507 825 1569 tutandam
845 1506 1018 1585 patrocinio
1038 1528 1118 1585 gena
1137 1511 1274 1569 comesta

320 1607 475 1684 gaudebat
482 1608 502 1669 ⁵.

658 1756 751 1818 OAP.
776 1755 885 1817 XXIL

322 1894 350 1939 Ut
367 1893 474 1938 Hitensea
492 1893 601 1937 mormobr'
617 1904 670 1939 enm
686 1891 794 1936 subiectis
808 1892 854 1937 sebi
863 1892 1012 1937 monceteriia
1022 1892 1165 1936 marstem
1176 1892 1275 1949 prudi-

518 1964 728 2027 mereremur·
738 1969 1073 2025 mammaemammal.

148 2090 303 2145 ngueneon-
362 2085 429 2146 Nnc
443 2084 546 2145 multo
560 2087 633 2162 post
649 2084 843 2162 iniqueque,
863 2104 917 2161 qm
908 2083 1071 2145 insulam
1087 2083 1148 2145 Hii
1161 2082 1275 2143 incole-

148 2148 269 2253 {iffi
263 2207 277 2251 f
320 2184 404 2259 bant,
429 2183 575 2244 monachi
597 2183 749 2245 scotticae
770 2182 908 2243 nationis
929 2202 1001 2243 cum
1026 2182 1190 2259 hisquae
1211 2180 1276 2243 eibi

148 2222 304 2371 {ww
320 2285 409 2343 erant
436 2282 569 2357 subdita
593 2281 793 2343 monasteriis
812 2281 972 2342 adtntum
993 2281 1125 2359 paschae
1149 2300 1185 2341 ac
1207 2284 1276 2341 ton·

149 2387 298 2432 naerens
321 2402 409 2442 surae
433 2381 617 2442 canonicum
639 2380 776 2441 Domino
794 2385 979 2457 procurante
998 2380 1162 2457 perducti⁷
1186 2382 1271 2439 sunt.

147 2449 192 2489 to
148 2458 257 2562 Ausara
321 2480 483 2559 Siquidem
496 2499 580 2539 anno
594 2480 633 2540 ab
650 2480 862 2540 incarnatione
877 2478 1007 2555 Domini
1023 2477 1193 2552 1)oeva
1211 2498 1276 2555 quo

322 2579 439 2640 Osredo
466 2577 565 2638 occiso
597 2577 757 2639 Coenred⁸
784 2577 995 2655 gubernacula
1020 2576 1111 2654 regni
1135 2576 1277 2637 Nordan·

321 2676 530 2755 hymbrorum
544 2676 688 2753 suscepit,
705 2697 777 2737 cum
792 2675 931 2737 uenisset
945 2676 984 2738 ed
998 2694 1051 2735 eos
1065 2674 1105 2736 de
1118 2674 1278 2735 Hibernia

321 2778 388 2837 Deo
402 2775 552 2851 amabilis,
570 2778 688 2836 etcum
703 2775 793 2835 omni
806 2774 1045 2836 honorificentia
1061 2774 1278 2835 nominandus

320 2878 408 2953 pater
424 2894 459 2934 ac
474 2875 622 2949 sacerdos,
638 2874 790 2951 Eogberct
800 2874 818 2947 ⁰,
833 2873 921 2933 cuins
931 2874 1075 2951 superius
1087 2873 1277 2933 memoriam

320 2972 444 3051 saepius
457 2973 597 3048 fecimus,
615 2972 787 3033 honorifice
801 2972 840 3033 ab
854 2973 899 3033 eis
913 2975 945 3032 et
958 2972 1061 3032 multo
1075 2991 1150 3031 cum
1160 2970 1276 3049 gaudio

321 3074 482 3150 susceptus
498 3076 554 3133 est.
600 3070 691 3147 Qui¹⁰
712 3073 861 3149 quoniam
882 3074 914 3131 et
932 3071 1040 3132 doctor
1056 3069 1274 3144 suauissimus,

320 3174 352 3233 et
366 3190 484 3246 eorum,
501 3191 580 3249 quae
594 3171 714 3249 agenda
728 3170 865 3245 docebat,
882 3172 950 3230 erat
963 3174 1126 3230 exsecutor
1140 3169 1276 3229 deuotis

320 3270 428 3343 strnue,
452 3268 588 3329 libenter
609 3269 736 3330 auditus
757 3270 797 3329 ab
820 3267 984 3342 uniuersis,
1012 3266 1186 3327 inmutauit
1214 3266 1277 3345 piis

323 3368 326 3444 l
350 3387 384 3427 ac
405 3367 524 3427 sedulis
548 3367 817 3428 exhortationibus
840 3366 1048 3427 inueteratam
1069 3366 1161 3427 illam
1182 3366 1310 3426 tradi-t
1323 3379 1400 3431 ιιιιι

320 3465 438 3527 tionem
454 3469 621 3543 parentum
637 3486 755 3541 eorum,
772 3466 811 3525 de
828 3465 942 3543 quibus
958 3464 1165 3541 apostolicum
1181 3463 1309 3540 illum
1291 3438 1347 3481 ὼ
1323 3438 1418 3540 ζρ
1417 3518 1418 3529 ,

320 3564 392 3624 licet
405 3563 542 3642 proferre
557 3584 744 3640 sermonem,
761 3565 844 3641 quod
855 3562 1099 3626 aemulationem
1109 3562 1170 3624 Dei
1184 3562 1276 3623 habe
1292 3556 1396 3601 ⁸⁰¹²

354 3674 362 3701 ¹
379 3678 571 3737 debore„added
581 3695 612 3727 on
624 3684 720 3739 marein
731 3679 768 3729 Μ.
827 3677 839 3709 ²
857 3679 973 3727 rationis
983 3692 1027 3727 ont.
1041 3677 1071 3726 C.
1083 3676 1123 3737 0,.
1135 3677 1176 3737 0,.
1184 3676 1217 3725 Ι).
1227 3675 1276 3727 be.

321 3753 331 3782 ³
346 3756 503 3805 audiuimus
517 3757 545 3807 0.
623 3756 633 3787 ⁴
649 3760 677 3805 et
687 3755 732 3807 Μ’.
811 3755 821 3786 ¹
837 3756 932 3805 altaris
943 3791 950 3806 .
963 3791 970 3804 .
984 3793 991 3805 .
1002 3754 1146 3818 gaudebat,
1156 3759 1233 3803 added
1243 3772 1276 3803 οιι

322 3836 357 3881 ιιι
368 3836 435 3882 lower
445 3839 541 3894 marnis
552 3836 583 3885 B.
633 3835 643 3866 ⁸
659 3835 783 3884 -berobto
795 3835 826 3886 0.
881 3833 891 3864 ¹
908 3849 967 3898 pro·
979 3834 1017 3884 ll.
1072 3831 1083 3861 ⁸
1099 3833 1228 3883 colundo
1238 3832 1274 3883 N.

320 3911 330 3942 ⁹
347 3914 438 3964 -berbt
450 3916 480 3966 Ο.
545 3916 565 3951 ¹⁰
580 3919 628 3980 qui
639 3919 667 3967 et
678 3917 716 3969 Μ.
