2859 4334
169 301 227 349 cn.
240 294 324 358 xm]
480 283 595 351 Gestis
616 285 820 371 Applocum.
1056 290 1116 353 165

167 477 291 518 rursum
320 459 458 534 eductus,
486 459 566 520 uidit
594 479 658 520 non
687 460 790 521 solum
815 462 932 521 maiora
956 461 1118 524 beatorum

167 557 287 634 gaudia,
312 557 420 617 sedet
444 558 580 618 maxims
601 558 810 636 malignorum
832 560 1000 636 spirituum
1025 565 1118 622 certu-

167 655 261 730 mina
301 656 355 733 qui
388 656 502 716 crebris
536 657 784 718 accusationibus
818 658 939 735 inprobi
974 659 1035 719 iter
1069 660 1117 720 illi
1134 677 1260 735 {uagus

167 755 296 814 coeleste
318 754 525 815 intercludere
550 755 799 830 contendebant3
826 776 884 816 nec
910 759 1025 831 tomen,
1052 778 1119 835 pro-

168 853 346 930 tegentibus
368 873 440 913 eum
461 854 588 932 angelis,
613 855 781 931 quicquam
806 855 1016 938 proficiebant.
1071 858 1118 918 De

168 951 280 1028 quibus
295 951 442 1011 omnibus
455 951 536 1029 siqui
551 952 675 1029 plenius
689 953 767 1012 scire
786 953 856 1013 uult
871 953 914 1031 (id
929 959 985 1029 eet,
1002 961 1118 1033 quanta

168 1049 286 1110 fraudis
300 1049 425 1109 solertis
441 1051 608 1110 doemones
625 1055 656 1111 et
671 1055 758 1111 actus
772 1052 847 1126 eius,
861 1055 893 1113 et
906 1053 1001 1113 uerba
1015 1073 1117 1131 super·

167 1147 236 1220 flua
251 1151 282 1206 et
297 1147 379 1224 ipsas
392 1148 486 1208 etiam
499 1149 699 1226 cogitationes
709 1150 795 1225 qussi
805 1151 840 1210 in
855 1150 934 1210 libro
948 1151 1117 1229 descriptas

166 1245 423 1323 replicauerint¹;
445 1267 523 1324 quae
546 1248 585 1308 nb
607 1248 726 1325 angelis
752 1249 876 1324 sanctis,
901 1269 981 1326 quse
1001 1271 1020 1310 a
1039 1252 1117 1311 uiris

166 1345 257 1404 iustis
275 1345 335 1405 sibi
353 1346 435 1405 inter
452 1346 580 1423 angelos
600 1348 821 1423 apparentibus
841 1347 922 1408 laeta
942 1348 994 1408 uel
1014 1350 1117 1410 tristia

166 1444 368 1522 cognouerit),
392 1445 474 1522 leget
498 1445 610 1522 ipsum,
631 1447 752 1523 dequo
773 1446 845 1520 dixi,
869 1446 1011 1507 libellum
1033 1448 1116 1509 uitae

166 1543 240 1618 eius,
266 1546 297 1603 et
321 1543 461 1604 multum
486 1563 524 1603 ex
545 1544 610 1615 illo,
632 1547 669 1604 ut
691 1563 768 1615 reor,
792 1545 949 1621 profectus
968 1546 1116 1622 spiritalis

163 1641 300 1718 accipiet.

208 1740 247 1801 In
278 1740 391 1818 quibus
415 1745 521 1801 tamen
544 1761 644 1801 unum
666 1745 724 1817 est,
751 1743 834 1818 quod
857 1746 889 1802 et
913 1762 971 1802 noe
994 1744 1028 1803 in
1056 1744 1114 1806 hnc

166 1838 297 1899 historie
324 1859 439 1916 ponere
466 1839 577 1900 multis
604 1841 805 1900 commodum
835 1841 990 1901 duximus
1034 1842 1115 1903 Cum
1132 1858 1219 1914 iuss

165 1957 238 2015 ergo
252 1938 286 1996 in
306 1938 405 1998 altum
425 1943 507 1999 esset
525 1937 653 2014 elatus'‚
671 1939 774 2000 iussus
792 1942 841 2000 eet
861 1941 900 1999 sb
916 1940 1042 2017 angelis,
1060 1944 1115 2020 qui
1207 1977 1213 1994 ·

163 2057 238 2096 eum
253 2036 416 2112 ducebant,
433 2040 582 2113 respicere,
597 2037 630 2096 in
642 2039 794 2098 muudum.
838 2039 884 2098 At
897 2038 950 2097 ille
964 2039 1070 2099 oculos
1081 2040 1114 2100 in

164 2135 312 2195 inferiora
325 2135 497 2212 deflectens,
508 2137 585 2196 uidit
596 2136 684 2213 quasi
698 2139 805 2197 uuilon
819 2139 995 2211 tcrubrosum
1008 2141 1114 2199 subtus

162 2253 193 2296 sc
214 2237 246 2294 iu
267 2236 326 2294 imo
339 2237 474 2309 positam
524 2235 604 2294 Uidit
624 2240 651 2295 et
670 2240 807 2310 puottm
822 2237 904 2312 ipnes
921 2239 955 2295 iu
972 2255 1114 2297 cerenon

162 2333 265 2393 multo
293 2334 332 2392 ab
359 2333 495 2393 inuicem
525 2336 620 2409 spatio
648 2335 797 2393 distentos
851 2333 893 2393 Et
921 2334 1116 2412 interrogans

162 2433 298 2508 angelos,
316 2435 366 2506 pui
385 2436 489 2492 essent
508 2434 539 2491 tei
559 2436 647 2508 ipses,
665 2433 786 2492 audiuit
804 2432 863 2492 hos
877 2451 944 2491 esse
957 2435 1045 2509 iquos,
1063 2438 1115 2510 qui

162 2533 306 2590 mundum
319 2533 527 2593 ascendentes
546 2534 650 2590 essent
664 2530 867 2592 consumturi.
916 2533 1018 2592 Unum
1035 2552 1114 2593 nuu-

161 2631 248 2704 ducii,
263 2649 329 2690 eum
342 2631 489 2705 bouqueti
503 2632 535 2688 in
549 2631 689 2704 baptismo
703 2631 905 2690 abrenuntiare
915 2650 973 2690 nos
986 2631 1115 2692 Sciam

162 2735 189 2788 ct
207 2731 342 2788 omnibus
361 2730 490 2803 uteribus
510 2732 572 2788 eius
586 2727 790 2802 promisimus,
807 2731 924 2788 minime
945 2731 1114 2804 inplcmus;

162 2829 292 2887 atterum
307 2829 481 2902 cupiditatis,
499 2845 565 2886 cum
586 2827 690 2886 mundi
704 2828 826 2888 diuitias
841 2831 934 2887 umori
948 2831 1114 2889 cudcstium

156 2925 390 3002 pmqronimus3
412 2928 530 2986 tertium
549 2927 744 2998 dissensionis,
761 2945 828 2984 cum
843 2929 959 2987 animos
972 2929 1115 3001 prosim·

161 3043 229 3084 mm
242 3027 329 3084 etiam
341 3027 372 3083 in
381 3026 571 3099 superuacuis
579 3025 662 3084 tutus
672 3024 880 3096 offcuderenou
888 3026 1095 3098 somidcmus
1107 3046 1114 3099 ;

159 3129 302 3200 puttam
317 3125 479 3198 impictatis,
491 3142 557 3182 cum
566 3125 741 3196 infimiores
749 3125 872 3198 spoliare
885 3129 912 3183 et
925 3127 966 3184 ets
973 3125 1115 3197 fraudem

153 3226 257 3299 succrc
265 3225 423 3298 pronihilo
434 3224 579 3283 ducimus
612 3223 779 3282 Crescente
788 3241 856 3282 ucro
865 3221 1017 3298 paulatim
1031 3225 1115 3298 ipses

160 3343 261 3400 usque
282 3321 321 3381 sd
346 3321 482 3380 inuicem
503 3339 569 3380 sese
584 3320 802 3394 extenderunt,
822 3322 916 3397 atque
937 3320 973 3378 in
993 3319 1114 3380 inmen-

159 3421 249 3482 eum'
284 3419 412 3479 adunati
446 3421 521 3478 sunt
553 3419 721 3479 flammam.
782 3418 924 3494 Cumque
958 3419 1113 3494 adpropin-

158 3523 315 3596 quassent,
331 3522 542 3596 pertimescens
555 3516 610 3576 ille
624 3517 701 3577 dicit
714 3519 838 3592 unpclo:
863 3516 1026 3590 ‘Domina
1044 3537 1114 3576 ecce

159 3621 239 3696 ipnis
252 3619 569 3694 mitiudpropiuquut.’
597 3619 642 3677 At
653 3617 724 3676 ille:
743 3617 1072 3692 ‘Quuoduouinccudisti
1082 3618 1113 3691 ⁴,’

158 3717 274 3797 inquit,
302 3719 376 3778 ‘non
397 3719 510 3778 ardebit
533 3719 566 3776 iu
588 3722 632 3788 te‚·
668 3735 742 3774 nam
764 3714 825 3774 etsi
848 3717 984 3776 tenibilis
1003 3717 1057 3777 istu
1078 3735 1114 3776 ao
1130 3737 1204 3841 offis

190 3861 344 3912 ¹·runtM.
394 3859 682 3921 ²oleuatusc.D.11,.
733 3859 832 3908 ³-aum
844 3859 890 3910 ³1¹.
940 3809 1146 3908 ‘accendistix
1204 3813 1221 3841 λ

154 3949 193 3999 Sl.
207 3951 248 3995 but
259 3949 346 3994 surius
357 3949 400 3994 tus
411 3945 460 3995 in·.
