2859 4334
125 288 254 354 Cava]
426 277 541 345 Getta
563 277 769 364 laycorum.
1012 280 1074 344 137

124 469 175 510 rex
197 448 334 511 Osuald¹
356 451 543 529 postulasset
567 452 750 526 antistitem,
776 452 831 529 qui
854 451 916 512 sibi
939 471 1074 529 suaeque
1089 466 1219 535 aboucthc

122 549 210 625 genti
236 549 367 610 uerbum
389 550 463 610 fidei
485 550 687 626 ministraret,
714 551 831 610 missus
854 550 949 610 tuerit
972 551 1073 627 primo
1089 527 1233 630 fflssl‘d

121 646 202 708 alius
223 649 401 709 austerioris
421 649 519 709 animi
540 649 597 723 uir,
614 649 678 727 qui,
696 669 768 709 cum
785 649 964 727 aliquandiu
987 649 1073 727 genti

123 747 301 824 Anglorum
321 749 502 825 praedicans
525 748 607 808 nihil
628 747 797 825 proficeret,
824 769 881 808 nec
903 748 1037 808 libenter
1056 769 1075 808 a

122 844 236 922 populo
256 845 420 918 audiretur,
438 847 564 908 redierit
585 847 726 924 patriam,
748 851 840 924 atque
860 847 892 906 in
914 851 1072 907 conuentu

121 943 279 1004 seniorum
302 943 466 1018 rettulerit,
491 945 564 1022 quia
582 946 629 1006 nil
650 946 796 1023 prodesse
817 946 953 1006 docendo
974 947 1069 1023 genti,

121 1041 158 1101 ad
173 1061 269 1119 quam
282 1043 397 1103 missus
408 1047 480 1118 erat,
494 1044 655 1120 potuisset,
672 1064 709 1104 eo
720 1045 803 1122 quod
814 1048 918 1105 essent
927 1045 1072 1106 homines

121 1137 327 1200 indomabiles
338 1143 357 1215 ²,
382 1143 414 1201 et
437 1142 532 1202 durae
553 1161 588 1202 ac
609 1142 756 1202 barbarae
776 1142 900 1203 mentia
945 1144 990 1201 At
1011 1141 1068 1219 illi,

121 1241 156 1298 ut
183 1239 359 1314 perhibent,
390 1242 558 1300 tractatum
585 1259 736 1319 magnum
764 1242 799 1300 in
827 1241 964 1315 concilio,
995 1241 1070 1317 quid

121 1339 202 1395 esset
213 1337 378 1414 agendum,
392 1339 505 1398 habere
515 1343 682 1415 coeperunt
695 1361 703 1414 ;
726 1338 935 1399 desiderantes
944 1339 1070 1415 quidem

120 1435 216 1511 genti,
239 1455 333 1513 quam
356 1437 551 1514 petebantur,
580 1437 675 1498 saluti
696 1457 771 1512 esse,
797 1438 851 1498 sed
876 1438 999 1497 deuon
1023 1457 1069 1497 re·

120 1537 216 1610 cepto,
242 1553 335 1613 quem
359 1536 509 1596 miserant
517 1535 535 1608 ⁸,
563 1537 771 1613 praedicatore
795 1537 943 1598 dolentes
987 1537 1069 1596 Tum

119 1633 162 1692 ait
176 1633 287 1693 Aedan
296 1635 315 1708 ⁴,
333 1653 407 1694 nam
423 1639 455 1694 et
472 1636 538 1711 ipse
554 1635 683 1694 concilio
702 1635 859 1709 intererat,
877 1635 915 1696 ad
932 1655 1014 1707 eum,
1031 1635 1070 1694 de

120 1751 181 1808 quo
195 1731 349 1808 agebatur,
367 1734 578 1795 sacerdotem:
603 1733 755 1794 ‘Uidetur
770 1733 859 1807 mihi,
876 1733 979 1808 frater,
997 1735 1070 1810 quia

120 1830 227 1889 durior
237 1831 320 1891 iusto
333 1831 489 1892 indoctis⁶
503 1832 695 1893 auditoribus
704 1832 801 1906 niati,
815 1836 846 1892 et
856 1852 920 1892 non
930 1834 976 1892 eis
982 1834 1069 1893 iuxta

39 1945 49 1976 ι’·
62 1935 92 1978 ui
118 1929 318 2006 apostolicam
336 1930 534 2008 disciplinam
555 1931 656 2008 primo
677 1931 724 1992 lac
743 1931 900 1992 doctrinae
917 1932 1069 1993 mollioris

46 2065 64 2094 a
119 2029 293 2106 porrexisti,
327 2030 426 2090 donec
460 2031 611 2108 paulatim
631 2029 634 2110 Ι
653 2031 784 2090 enutriti
809 2030 904 2090 uerbo
932 2031 998 2104 Dei,
1029 2032 1069 2091 ad

118 2127 268 2204 capienda
290 2129 480 2206 perfectiora,
511 2133 542 2189 et
568 2131 607 2190 ad
635 2129 775 2190 facienda
801 2128 982 2189 sublimiora
1010 2131 1068 2190 Dei

118 2230 280 2305 praecepta
300 2227 498 2289 sufficerent'
539 2229 607 2304 Quo
626 2228 735 2289 audito
755 2227 906 2300 omnium,
924 2227 979 2304 qui
998 2248 1068 2288 con·

117 2324 269 2400 sidebant,
293 2326 331 2386 ad
354 2327 458 2404 ipsum
479 2347 533 2387 ora
557 2329 589 2388 et
611 2327 693 2388 oculi
714 2327 864 2401 conuersi,
890 2326 1063 2403 diligenter,

116 2425 191 2500 quid
212 2425 335 2500 diceret,
361 2425 575 2502 discutiebant,
600 2429 633 2486 et
650 2426 756 2504 ipsum
773 2445 841 2486 esse
858 2425 990 2502 dignum
1007 2429 1068 2504 epi·

116 2527 252 2600 scopata,
277 2523 380 2600 ipsum
404 2526 443 2585 ad
466 2525 651 2586 erudiendos
673 2511 851 2584 incredulos
874 2527 906 2584 et
927 2524 1068 2586 indoctos

118 2622 202 2682 mitti
224 2622 336 2682 debore
357 2623 535 2698 decernunt,
562 2624 616 2702 qui
639 2624 738 2702 gratia
761 2622 963 2690 discretionis.
989 2645 1068 2701 quae

116 2721 273 2780 uirtutum
291 2723 390 2780 mater
408 2725 463 2796 est,
485 2725 559 2783 ante
577 2723 683 2782 omnia
699 2722 904 2800 probabatur‘
917 2722 1045 2783 inbutus
1060 2745 1067 2796 ;

115 2819 222 2896 sicque
250 2819 341 2880 illum
367 2821 545 2882 ordinantes
568 2822 608 2882 ad
632 2820 874 2900 praedicandum
902 2821 1063 2881 miserunt

116 2917 176 2990 Qui
191 2918 246 2978 ubi
261 2923 386 2996 tempus
399 2921 524 2998 accepit,
541 2919 622 2981 sicut
636 2921 722 2998 prius
731 2920 945 2980 moderamine
959 2920 1068 2979 disere

113 3017 217 3091 tionis,
248 3017 293 3080 ita
319 3020 519 3096 postmodum
547 3023 579 3080 et
607 3019 716 3080 ceteris
743 3019 913 3079 uirtutibus
940 3023 1068 3078 ornatus

111 3115 264 3192 apparuit.

503 3270 594 3330 CAP.
618 3269 675 3331 VI.

289 3415 322 3460 Dc
332 3415 438 3474 relictoue
448 3429 476 3462 ac
483 3417 566 3472 pietate
576 3418 689 3463 mirando
701 3412 812 3464 oman?
822 3419 891 3474 recia.

155 3525 266 3589 Huius
280 3529 377 3608 igitur
391 3531 541 3591 antistitis
557 3531 697 3592 doctrina
712 3551 767 3592 rex
783 3531 898 3592 Osuald
908 3531 920 3563 ⁷
932 3551 1004 3590 cum
1019 3553 1062 3604 ea,
1083 3549 1168 3594 roc-or
1177 3553 1206 3593 of

110 3627 163 3687 cni
186 3631 333 3704 praeerat,
358 3632 450 3707 gente
475 3630 653 3707 Anglorum
675 3630 849 3700 institutus,
875 3651 938 3691 non
961 3630 1063 3691 solum
1082 3609 1186 3656 ⁰⁸w⁸¹⁴¹‘

144 3773 153 3804 ¹
170 3775 284 3824 osuuald
296 3775 324 3825 C.
394 3775 404 3803 ²
422 3777 468 3826 -lis
480 3777 514 3826 M.
524 3777 564 3826 13¹.
573 3776 623 3828 W'.
634 3775 682 3838 ΒΗ.
692 3777 731 3837 0,.
794 3777 805 3806 ⁸
821 3779 966 3827 misserunt
976 3777 1012 3827 M.
1021 3777 1063 3828 13¹.

107 3851 117 3878 ⁹
136 3853 216 3904 aidan
230 3853 258 3904 R
274 3853 306 3903 N.
461 3857 470 3886 ⁵
486 3855 671 3906 indoctoribua
683 3857 718 3907 Μ.
859 3855 870 3885 ⁸
885 3856 1014 3919 probatur
1024 3857 1059 3906 ll.

105 3929 117 3957 ⁷
136 3932 256 3995 osuuald,
271 3932 310 3982 dl
323 3933 353 3984 0.
