2859 4334
379 267 444 330 202
622 237 804 332 'nouare
825 265 1058 332 nemeaea
1210 274 1298 341 anu.

379 431 475 500 tolieo'
487 440 640 517 patefecit,
658 459 722 499 non
736 441 839 501 multo
852 444 923 517 post
938 440 1059 517 etipse,
1077 442 1110 499 et
1123 459 1234 500 omnes
1244 457 1299 516 pene
1378 432 1379 459 ³

378 537 514 615 quicum
528 559 564 598 eo
572 539 765 600 aduenerant
777 539 853 598 sooii
861 539 880 614 ¹,
894 537 1073 616 pestilentia
1087 538 1301 616 superueniente

379 637 474 697 deleti
488 639 571 698 aunt

420 737 464 797 At
480 735 667 812 apostoliens
684 755 764 813 papa
777 735 885 797 habito
900 735 938 796 de
951 735 1003 795 his
1016 735 1155 812 oonsilio,
1174 733 1303 813 quaesiuit

379 835 513 910 sedulus,
546 854 640 912 quem
676 835 814 895 eeclesiis
848 834 1026 912 Anglorum
1060 834 1303 911 arehiepisoopuuu

378 933 527 994 mitteret.
573 932 650 993 Erat
666 937 773 994 autem
791 933 825 992 in
845 933 1034 994 monasterio
1048 933 1232 1008 Niridano²,
1247 929 1305 1010 qnod

321 1046 327 1059 ·
379 1036 505 1093 estnon
519 1031 611 1109 longe
630 1051 648 1092 a
662 1032 794 1108 Neapoli
810 1031 1007 1109 Campaniae,
1027 1031 1122 1092 abbas
1136 1032 1303 1102 Hadrianus,

210 2859 238 2902 os
246 2859 289 2903 the

212 2917 323 2974 English,

212 2977 297 3021 March
309 2977 341 3030 26,

211 3039 258 3080 66&

378 1130 429 1190 uir
456 1131 584 1190 natione
612 1129 708 1204 Afir⁸,
734 1130 830 1189 sacris
857 1129 972 1190 litteris
993 1129 1160 1207 diligenter
1188 1131 1304 1200 inbutus

378 1228 650 1289 monasterialibus
684 1228 780 1289 simul
814 1231 845 1288 et
887 1227 1120 1290 ecelesiasticis⁴
1154 1225 1307 1306 disciplinis
1378 1260 1379 1287 u

378 1327 552 1400 institutus,
579 1329 695 1388 Creone
716 1325 833 1403 pariter
855 1329 887 1387 et
908 1327 1039 1388 Latinae
1062 1328 1191 1404 linguae
1214 1325 1308 1405 paritis·

380 1428 486 1486 simus
532 1425 628 1485 Hune
653 1426 691 1486 ad
716 1444 751 1485 se
774 1424 909 1486 aooitum
932 1445 1013 1503 papa
1035 1425 1128 1486 iussit
1151 1427 1309 1504 episcopatu

380 1527 505 1600 aeeepto
530 1523 721 1584 Brittaniam
743 1523 858 1584 uenire.
904 1524 965 1600 Qui
987 1525 1153 1602 indignum
1183 1545 1218 1585 se
1242 1525 1309 1585 tante

380 1623 489 1702 gradui
516 1623 715 1699 respondens,
743 1623 907 1683 ostendere
934 1643 1024 1700 posse
1051 1643 1085 1683 ee
1111 1623 1194 1685 dixit
1220 1624 1308 1692 aliuua

381 1723 469 1782 ouius
483 1723 583 1798 magis
603 1721 641 1780 ad
662 1721 896 1798 suscipiendum
914 1723 1127 1799 episeopatum
1146 1725 1180 1782 et
1198 1719 1311 1783 eruditio
1378 1740 1379 1747 ¹

383 1821 572 1895 conueniret,
598 1823 631 1880 et
654 1823 746 1881 aetas
791 1821 933 1899 Cumque
957 1822 1147 1882 monachum
1173 1822 1312 1899 quendam

382 1920 420 1980 de
447 1919 550 1979 uieino
579 1917 740 1995 uirginum
772 1919 968 1996 monasterio,
999 1920 1130 1980 nomine
1156 1921 1310 1990 Andrean

381 2016 524 2094 pontifici
543 2017 674 2092 offerret,
692 2017 744 2077 hie
764 2019 803 2078 ab
822 2019 977 2094 omnibus,
998 2019 1053 2097 qui
1071 2039 1194 2094 nouere,
1216 2019 1314 2095 dignus

381 2117 558 2193 episcopatu
579 2115 734 2176 iudicatus
756 2119 812 2176 est
858 2117 979 2178 Uerum
1002 2119 1146 2196 pondus⁶
1170 2134 1315 2195 corporeae

381 2213 582 2288 infirmitatis,
614 2233 654 2272 ne
682 2213 845 2290 episeopus
872 2215 941 2275 fieri
967 2219 1081 2292 posset,
1113 2214 1242 2277 obstitit.
1282 2212 1315 2272 Et

381 2332 507 2372 rursum
522 2311 703 2372 Hadrianus
718 2313 756 2371 ad
771 2313 1003 2391 suscipiendum
1017 2314 1229 2392 episeopatum
1240 2316 1316 2373 aetna

382 2415 450 2485 est;
472 2411 526 2488 qui
540 2414 651 2487 petens
667 2411 814 2486 indutias,
830 2412 859 2471 si
876 2413 957 2473 forte
975 2413 1082 2489 alium,
1099 2413 1156 2491 qui
1169 2414 1316 2491 episeopus

381 2510 583 2584 ordinaretur,
601 2529 639 2568 ex
654 2511 794 2586 tempore
806 2514 911 2586 posset
924 2510 1075 2573 inuenire

1378 2552 1379 2579 i

209 2620 367 2666 Theodoreof
422 2609 499 2669 Erat
533 2609 601 2685 ipso
636 2611 778 2684 tempore
811 2610 929 2670 Romae
962 2611 1137 2671 monaehus
1171 2610 1316 2671 Hadriano
1365 2592 1380 2735 p

210 2694 364 2784 sempe.

210 2800 358 2855 “mhb'ssh‘l’
382 2805 532 2867 saeculari
553 2811 584 2866 et
606 2806 713 2866 diuina
732 2807 914 2883 litteratura,
936 2810 969 2868 et
989 2809 1087 2868 Greee
1106 2809 1274 2869 instinctus
1290 2809 1316 2863 el
1328 2791 1380 2867 {aa

383 2711 484 2777 notus,
500 2706 628 2767 nomine
648 2707 837 2784 Theodorus,
860 2712 953 2769 natus
970 2710 1065 2769 Tarso
1083 2709 1219 2786 Ciliciae,
1233 2709 1278 2768 nir
1290 2707 1316 2764 et
1328 2705 1380 2800 ᾗ

383 2905 502 2980 Latine,
522 2905 638 2982 probus
658 2906 807 2982 moribus,
831 2909 864 2966 et
887 2909 987 2967 aetate
1008 2909 1214 2983 uenerandua,
1229 2906 1259 2965 id
1276 2908 1316 2963 est
1378 2910 1379 2925 ¹

382 3023 482 3064 annos
513 3003 632 3063 habens
665 3005 776 3065 aetatis
810 3005 870 3064 LX
903 3008 936 3065 et
965 3005 1022 3065 VI.
1068 3005 1166 3066 Hune
1198 3005 1316 3066 offerens
1378 3020 1379 3059 1

384 3103 564 3163 Hadrianus
577 3102 727 3180 pontifici,
741 3106 777 3163 ut
787 3104 949 3180 episeopus
959 3104 1163 3180 ordinaretur,
1177 3101 1315 3170 obtinuia

383 3201 434 3260 his
464 3205 570 3261 tamen
601 3201 835 3261 eondieionibns
866 3201 1068 3280 interpositis,
1099 3206 1137 3262 ut
1164 3203 1230 3280 ipae
1253 3217 1314 3259 eum

383 3300 565 3377 perduceret
590 3299 787 3374 Bn'ttaniam,
814 3319 851 3360 eo
876 3301 958 3376 quod
980 3299 1114 3360 iambis
1133 3304 1235 3378 partes
1254 3296 1314 3359 Gal·

383 3399 498 3458 liarum
520 3399 652 3459 diuersis
676 3418 714 3458 ex
736 3398 838 3459 musis
858 3399 980 3474 adisset,
1009 3401 1041 3459 et
1063 3399 1103 3458 ob
1127 3399 1162 3458 id
1184 3399 1314 3459 maiorem
1378 3416 1379 3449 u

384 3497 479 3557 huius
492 3497 613 3557 itineris
627 3498 794 3574 peragendi
808 3497 953 3558 notitiam
967 3498 1103 3572 haberet,
1115 3499 1314 3571 sufficiensque
1378 3480 1379 3505 ¹

384 3599 466 3656 esset
489 3596 523 3655 in
545 3597 736 3673 possessione
755 3597 923 3657 hominum
944 3598 1161 3674 propriorum
1187 3600 1219 3656 et
1240 3599 1271 3654 nt
1290 3589 1313 3649 ei

417 3767 426 3795 ¹
443 3770 507 3817 soen
519 3771 577 3818 auus
588 3770 618 3820 o.
629 3767 671 3820 13².
763 3769 870 3821 ’aaa
882 3769 912 3821 o.
923 3771 976 3821 as.
987 3770 1027 3833 o„
1039 3770 1120 3833 o,.„.
1137 3771 1222 3834 0,..„
1233 3766 1313 3826 aaa

385 3846 512 3896 hiridano
525 3849 560 3897 M.
572 3848 605 3897 N.
617 3849 651 3912 A,
664 3863 670 3908 ;
687 3848 796 3897 iridano
806 3848 854 3910 Hp
927 3847 939 3882 ⁸
954 3848 1013 3898 afer
1023 3847 1071 3898 Μ’.
1082 3848 1128 3900 N'.
1202 3852 1211 3879 ⁴
1225 3861 1274 3897 ene
1283 3841 1312 3892 l

385 3923 523 3987 ³pondua,
536 3930 758 3988 oddedonmurpin
768 3927 805 3978 ll.
