2859 4334
358 277 402 340 42
635 271 794 339 Historia
815 271 1048 340 Ecclesiastico
1209 283 1272 349 [Lu.
1283 287 1303 339 1.
1389 320 1390 377 ,

358 449 479 524 quidem,
492 449 614 525 praeter
628 447 662 507 in
675 446 782 524 paucis
793 449 824 507 et
838 447 929 507 ualde
942 445 1050 526 paucis
1063 447 1129 508 ulla
1141 450 1303 522 appareret.

361 547 441 626 [Qui
466 548 550 608 inter
573 546 634 608 alia
657 546 915 607 inenarrabilium
938 547 1090 606 scelerum
1113 546 1202 620 fecto,
1228 567 1303 624 quae
1317 561 1362 613 ιιι

357 645 541 707 historicus¹
557 665 664 706 eorum
687 646 800 706 Gildus
819 645 915 706 flebili
936 665 1081 706 sermone
1102 644 1257 720 describit,
1273 649 1303 706 et

357 745 415 805 hoe
436 745 597 819 addebant,
616 748 651 805 ut
672 764 846 822 numquam
866 745 955 822 genti
976 745 1135 805 Saxonum
1156 745 1224 804 siue
1243 746 1304 804 An·

357 844 489 920 giorum,
520 863 625 904 secum
654 843 843 903 Brittaniam
880 842 1038 919 incolenti,
1069 842 1203 904 uerbum
1233 843 1303 903 fidei

356 941 560 1018 praedicendo
588 942 830 1002 committerent.
882 940 943 1002 Sed
972 961 1037 1001 non
1064 943 1172 1001 tamen
1201 941 1303 1002 diuina
1317 952 1386 998 aad:

357 1041 456 1118 pietas
476 1041 601 1118 plebem
621 1061 720 1116 suam,
745 1059 839 1118 quam
863 1040 1037 1118 praesciuit,
1061 1040 1208 1114 deseruit,
1231 1041 1302 1117 quin

355 1139 457 1199 multo
477 1139 632 1217 digniores
652 1140 740 1216 genti
760 1142 949 1199 memoratae
968 1158 1136 1216 praecones
1154 1139 1300 1212 ueritatis,

356 1258 411 1315 per
426 1257 504 1316 quos
518 1238 655 1298 crederet
664 1236 684 1314 ²,
702 1237 881 1299 destinauit.

707 1429 800 1491 cAP.
824 1428 953 1491 XXIII

359 1582 387 1626 Ut
398 1584 492 1626 sumtus
499 1594 565 1637 pape
577 1581 699 1638 Gregorius
709 1581 875 1638 Auprtrtr'num
885 1594 939 1626 cum
950 1581 1070 1627 mortariis
1080 1582 1303 1638 ud'praediooadum

354 1661 417 1716 perti
426 1661 557 1718 duplorum
569 1661 667 1720 mittens,
681 1661 780 1715 epistula
790 1673 876 1716 quoquc
887 1661 938 1705 ellos
948 1660 1106 1718 adoratorio,
1118 1673 1147 1704 ae
1158 1675 1175 1706 a
1185 1662 1304 1708 laborando

679 1741 800 1799 curarent,
812 1739 982 1796 consortum,

397 1835 555 1908 Srourossr
576 1857 660 1897 anno
674 1836 712 1897 ab
727 1836 941 1898 inclamatione
963 1837 1093 1897 Domini
1114 1837 1302 1898 DLXXXII

356 1935 525 1995 Mauricius
538 1934 576 1994 ab
590 1935 735 2012 Augusto
750 1935 852 1995 LIIII
866 1935 1035 2012 imperium
1053 1936 1230 2013 suscipiens
1244 1935 1303 1997 XX

357 2037 387 2094 et
402 2035 419 2095 I
435 2035 526 2094 annis
540 2034 651 2096 tenuit.
694 2035 791 2095 Cuius
810 2054 893 2095 anno
912 2036 1000 2112 regni
1016 2036 1047 2095 X
1062 2037 1241 2113 Gregorius,
1258 2036 1305 2096 uir

357 2135 496 2193 doctrina
507 2137 539 2194 et
552 2133 675 2194 actione
685 2135 877 2211 praecipuus,
894 2135 1114 2210 pontificatum
1128 2135 1304 2195 Romanae8

183 2249 307 2350 (ιιειιοιγυ
357 2234 389 2292 et
406 2232 592 2311 apostolicae
610 2232 693 2292 sedis
707 2232 838 2292 sortitus
855 2233 936 2292 rexit
953 2253 1052 2293 annos
1067 2233 1163 2307 XIII,
1180 2254 1305 2294 menses

183 2307 283 2419 &dim
241 2307 339 2410 „siff
356 2331 412 2406 VI,
430 2334 462 2390 et
449 2330 545 2390 tdies
564 2331 602 2392 X
648 2329 708 2406 Qui
730 2330 839 2391 diuino
853 2331 995 2392 admonit
981 2334 1033 2392 tus
1050 2331 1205 2392 instinctu
1224 2353 1304 2392 anno
1389 2372 1390 2415 4

183 2426 268 2470 austu
229 2427 339 2528 emm
357 2428 463 2489 XIIII
478 2428 619 2489 eiusdem
637 2429 797 2506 principis,
813 2429 931 2490 aduent
917 2433 969 2490 tus
989 2450 1062 2490 uero
1076 2431 1281 2508 Anglorum
1272 2451 1304 2490 ιιι

183 2496 339 2646 ligulas,
357 2528 569 2588 Brittanniam
590 2547 674 2588 anno
694 2527 815 2588 circiter
836 2529 896 2606 01,
913 2529 1002 2590 misit
1021 2549 1149 2590 seruum
1166 2530 1227 2590 Dei
1245 2532 1305 2590 Au·

198 2605 294 2659 '³⁵⁹⁶'
356 2627 519 2704 gustinum
541 2630 573 2687 et
592 2627 670 2687 ulios
690 2627 797 2704 plures
817 2647 890 2687 cum
910 2648 947 2687 eo
967 2627 1137 2688 monachos
1157 2628 1306 2688 timentes

356 2725 529 2786 Dominum
557 2725 734 2802 praedicare
761 2725 907 2806 uerbum,
922 2726 981 2788 Dei
1007 2725 1095 2804 genti
1116 2727 1303 2803 Anglorum.

356 2824 416 2899 Qui
440 2844 512 2884 cum
536 2822 629 2884 iussis
650 2824 884 2901 pontificalibus
912 2825 1164 2902 obtemperantes
1191 2845 1302 2885 memo

356 2925 458 2984 ratum
476 2943 555 3000 opus
572 2924 698 3000 adgredi
714 2923 895 3001 coepissent,
913 2923 1060 3001 iamque⁴
1074 2923 1303 3001 aliquantulum

355 3021 479 3082 itineris
498 3021 710 3098 confecissent,
727 3022 862 3099 perculsi
879 3023 992 3082 timore
1012 3023 1116 3098 inerti,
1133 3023 1236 3083 redire
1256 3021 1304 3083 do

183 3126 234 3227 phe
221 3128 322 3180 eytum
355 3139 446 3180 mum
465 3122 579 3197 potius,
603 3141 698 3197 quam
722 3121 893 3196 barbaram,
918 3121 1024 3196 feram,
1050 3121 1305 3198 incredulamque

182 3185 293 3290 hunrtt-ed
356 3221 490 3294 gentem,
508 3219 595 3278 cuius
614 3239 655 3278 ne
673 3219 814 3297 linguam
828 3219 956 3297 quidem
974 3222 1113 3295 nossent,
1130 3221 1217 3280 adire
1229 3217 1305 3295 eogi-

356 3317 473 3392 tabant,
491 3320 522 3377 et
543 3317 602 3378 hoc
620 3337 687 3379 esse
706 3319 807 3378 tutius
825 3317 987 3378 communi
994 3317 1151 3378 ‘consilio
1166 3319 1303 3378 deumne
1389 3298 1390 3319 9

355 3416 439 3476 bant.
485 3415 549 3476 Nec
569 3437 666 3493 mora,
689 3418 915 3494 Augustinum,
940 3437 1033 3494 quem
1056 3418 1101 3477 eis
1125 3418 1302 3495 episcopum
1389 3420 1390 3453 l

357 3515 576 3590 ordinandum,
598 3517 626 3576 si
646 3517 685 3576 ab
706 3517 821 3595 Anglis
842 3517 1081 3594 susciperentur,
1099 3516 1298 3593 disposuerat,
1389 3506 1390 3533 ³

357 3615 487 3674 domum
501 3614 674 3691 remittunt,
691 3616 746 3693 qui
759 3635 778 3676 a
790 3617 880 3676 beato
894 3615 1042 3693 Gregorio
1061 3614 1178 3675 humili
1191 3612 1301 3692 suppli·

356 3717 426 3772 catu
450 3713 612 3790 obtineret,
637 3733 677 3773 ne
697 3717 762 3774 tam
783 3714 997 3792 periculosam,
1019 3717 1086 3775 tam
1108 3713 1299 3784 laboriosam,

390 3853 518 3903 ¹eistl¹¹
601 3855 740 3906 ²·rontB.
831 3856 949 3905 ‘romae
960 3855 1006 3907 ιιι.
1101 3853 1300 3920 ‘iraquec.l>.

358 3931 506 3981 ὓοιιιιιιιιιιι
520 3933 552 3982 N.
