2859 4334
141 244 309 311 emma]
445 234 561 303 Gentis
581 235 787 323 laycorum„
1027 236 1095 302 319

140 408 218 457 euius
236 407 326 458 medio
343 407 442 459 ultima
460 410 571 459 Domini
588 415 697 473 aunon,
715 414 778 461 caclo
793 409 909 473 desuper
920 412 1031 471 munte,
1043 410 1091 459 ubi

140 486 273 543 aseendit,
284 487 423 536 uisuntur.
450 487 523 549 Quae
533 502 587 537 eam
598 493 678 539 condic
689 505 705 538 a
716 490 889 541 credentibus
901 495 961 538 lura
971 488 1092 547 tollatur,

141 566 431 627 nihilominusmanet,
441 571 591 628 eanquue
602 572 679 617 adhuc
690 574 786 627 wem
794 572 868 618 ueluti
876 572 989 627 inpressis
999 572 1092 627 mla

141 647 248 703 ueslipiis
270 646 367 693 seruat
402 644 477 693 Haeo
496 644 567 693 circe
586 660 654 694 aerea
671 652 723 695 roua
742 648 818 703 iacet,
840 663 913 706 usqae
931 650 965 695 acl
982 650 1093 695 cencium

141 726 197 783 alla,
214 720 218 787 Ι
233 726 264 770 at
285 736 369 770 mu
390 720 494 771 habens
515 722 670 783 introitum,
689 729 806 783 pendente
827 730 927 784 lesum
950 729 978 773 in
1005 726 1093 772 nodcls

141 813 240 863 magne
256 804 377 861 lampade,
389 802 498 863 totaque
515 804 553 850 die
568 807 590 849 ci
604 807 666 851 node
683 804 798 853 lucente.
834 808 866 853 ln
877 806 1012 852 cccidcmali
1022 804 1092 852 eius·

141 878 204 928 dem
222 881 325 929 sedeciae
339 884 406 937 paru
416 882 535 937 snuslras
546 882 613 939 octo,
626 882 793 945 totidemque
804 898 816 931 e
826 887 917 941 repimus
927 886 1048 941 lampades
1064 886 1093 930 in

134 960 240 1016 fleamus
248 962 372 1017 pencms
381 972 466 1019 usque
479 957 695 1021 Hierosolymam
703 976 747 1019 per
757 964 965 1021 ulimmsalpent3
976 974 1092 1022 quaram

141 1034 189 1084 lux
200 1040 269 1084 cerda
280 1036 448 1085 intuentium
459 1050 513 1083 nem
523 1036 640 1097 quadam
651 1038 786 1088 duoiw
799 1040 828 1087 et
837 1043 1001 1097 mmmmm
1013 1054 1092 1098 pacce-

141 1112 245 1163 iaeere'
261 1114 369 1163 dicitur.
403 1118 436 1162 In
452 1118 490 1163 die
506 1118 650 1165 mensionis
666 1122 797 1166 minicae
808 1133 853 1176 per
868 1133 946 1166 annos
962 1117 1090 1180 singulos,

141 1195 217 1239 missa
224 1198 328 1252 peracta,
339 1194 419 1240 ualidi
424 1195 538 1249 flaminis
550 1197 650 1251 procula
661 1194 803 1245 desursum
818 1197 914 1245 uenire
925 1198 1066 1245 consueuit
1073 1194 1092 1257 ³,

140 1273 169 1319 et
179 1286 265 1333 omnm,
279 1271 327 1333 qui
340 1270 369 1318 in
381 1268 492 1319 ecclesie
503 1270 651 1333 adfuerint,
664 1279 741 1323 nnus
748 1280 916 1333 prosternere.

21 1408 101 1455 ‚eamn
183 1398 230 1459 De
248 1398 311 1459 situ
332 1396 427 1457 etiam
448 1395 593 1459 Chebron
613 1400 644 1460 et
664 1402 881 1463 monumentis
901 1406 1028 1480 patrum
1048 1402 1092 1463 ita

21 1471 123 1581 illl
140 1496 245 1559 scribit
258 1519 307 1559 :-

175 1645 273 1691 tlcctrcn
289 1643 426 1705 quondam
446 1646 533 1694 ciuitas
551 1650 578 1693 et
597 1648 726 1705 melcupolla
743 1650 808 1705 reensi
823 1649 913 1709 Dauid,
932 1661 996 1694 nunc
1010 1646 1093 1695 minis

140 1722 259 1783 tantum,
272 1722 339 1783 quid
358 1725 425 1773 tune
441 1722 532 1783 fuerit,
546 1722 698 1773 ostendens.
734 1724 797 1773 Uno
819 1724 853 1773 ad
872 1729 989 1773 orienlem
1004 1725 1093 1773 stadio

140 1802 278 1859 speluncam
297 1802 423 1860 duplicem
443 1802 474 1851 in
494 1801 566 1850 uelle
588 1802 677 1864 habet,
696 1804 745 1851 ubi
760 1806 881 1862 sepulchra
899 1808 1092 1863 patriarcharum

139 1882 255 1937 quadrato
271 1895 339 1927 marc
354 1880 553 1939 circumdantur,
570 1881 693 1939 capitibus
710 1883 788 1930 uersis
804 1882 839 1929 ad
859 1882 1041 1943 Aquilonem
1064 1884 1093 1931 et

140 1955 207 2004 haec
219 1957 325 2019 singula
336 1962 438 2018 sinpcclis
456 1961 528 2008 tecta
538 1962 659 2018 lapidibus
673 1960 762 2008 instar
773 1964 882 2008 baselicae
893 1961 994 2018 dolatis3
1012 1964 1092 2009 ln'um

139 2034 356 2097 patriarcharum
379 2036 510 2100 candidis,
534 2042 617 2087 Adam
638 2042 777 2087 ammeta
794 2044 815 2087 el
832 2042 926 2087 tla'lt'orl‘s
944 2044 1025 2100 aperie
1044 2039 1092 2100 qui

140 2117 207 2162 laud
229 2117 293 2175 lonps
312 2116 345 2164 ab
366 2116 422 2165 illis
438 2121 472 2165 ad
489 2120 600 2167 &realem
618 2122 802 2178 enrsmcmque
820 2119 893 2166 muri
908 2118 984 2166 illius
999 2122 1093 2176 pariam

140 2195 244 2255 pausat
281 2196 364 2243 Trium
378 2210 466 2255 quoqcce
474 2198 625 2254 snnimcum
641 2199 738 2245 uiliores
750 2201 771 2243 el
781 2201 883 2246 minues
896 2201 1024 2245 memoriae
1037 2211 1091 2245 oer-

140 2274 255 2321 nuntur.

174 2364 282 2416 llamrc‘
292 2370 354 2417 collis
365 2371 427 2418 melle
434 2373 547 2429 pamm
557 2386 573 2419 a
581 2370 758 2419 monumenlic⁵
769 2369 815 2417 his
825 2374 859 2418 acl
869 2373 974 2431 Borean
986 2374 1094 2419 teriones

142 2449 212 2495 ualde
228 2450 249 2495 cl
262 2448 372 2509 floridus,
386 2453 535 2507 commem
553 2451 644 2497 tatem
660 2452 688 2497 in
703 2448 805 2497 uertice
819 2450 946 2507 planitiem
953 2465 964 2506 ;
980 2453 1009 2497 in
1024 2452 1094 2497 cuius

141 2524 292 2583 anemii·
306 2532 373 2585 pacis
394 2541 492 2585 wenc
512 2530 627 2575 Alcman
648 2530 751 2575 duomm
771 2527 916 2575 hominum
937 2526 1093 2577 altitudinis

142 2609 240 2651 ireneus
248 2606 339 2653 usiosis
349 2604 515 2653 circumdata
525 2606 576 2654 est.

182 2732 270 2795 Haeo
284 2735 323 2795 de
337 2734 495 2812 opusculis
509 2742 653 2813 excerpta
662 2734 793 2812 praefati
806 2735 961 2812 scriptoris
971 2736 1010 2796 ad
1026 2756 1093 2797 sen·

141 2852 214 2893 sum
236 2832 362 2911 quidem
384 2833 553 2895 uerborum
572 2832 667 2908 illius,
684 2834 740 2895 sed
753 2833 949 2894 breuioribus
967 2834 1093 2895 strictis·

140 2952 203 3011 que
231 2932 442 3010 conprehensa
475 2932 681 3007 sermonibus,
712 2932 828 2992 nostris
854 2932 893 2992 ad
922 2931 1092 2993 utilitatem

139 3030 315 3107 legentium
340 3031 478 3092 historiis
501 3030 609 3091 indere
630 3030 755 3108 placuit
800 3030 898 3092 Plura
920 3028 1092 3091 uoluminis

138 3126 235 3203 illius,
261 3130 344 3207 siqui
365 3130 443 3191 scire
464 3128 604 3201 delectat,
627 3129 678 3190 uel
699 3129 734 3189 in
755 3130 823 3206 ipso
842 3128 898 3189 illo
919 3129 1088 3205 uolumine,

140 3226 193 3288 uel
216 3226 250 3287 in
273 3248 317 3303 eo,
334 3229 417 3307 quod
440 3229 478 3289 de
498 3228 555 3289 illo
576 3228 696 3290 dudum
715 3228 850 3289 strictim
870 3228 1088 3306 excerpsimus,

138 3326 310 3403 epitomate
323 3326 469 3405 requirat

173 3484 319 3537 'ilaritate
330 3486 374 3537 Nl
452 3485 711 3552 ’pauereiacerec.
793 3486 950 3537 ’conuenit
961 3487 991 3537 (l.
1003 3488 1036 3537 D.
1047 3486 1092 3537 lec.

138 3568 288 3674 ‘mampre
300 3571 330 3620 B.
345 3570 420 3623 c.ll.
491 3569 827 3621 ⁸·sibusamonumentis
837 3586 884 3622 om.
895 3572 926 3620 B.
991 3573 1092 3634 ‘aqui-

140 3648 258 3701 nallll.
