2859 4334
173 278 234 327 cn».
247 271 460 339 xx111[xxv].]
502 260 617 328 Gestis
639 261 845 346 duplorum.
1059 262 1123 327 263

215 437 291 497 Erat
311 456 447 513 namque
467 435 501 495 in
522 436 631 495 ecdem
650 431 655 513 Ι
672 435 861 495 monasterio
882 434 933 495 uir
953 435 991 495 de
1012 454 1123 512 genere
1140 448 1252 503 Storynf

174 536 359 610 Scottorum,
391 535 597 595 Adamnanus
625 533 784 608 uocabulo,
816 533 933 593 ducens
962 533 1061 594 uitam
1089 533 1123 593 in
1139 508 1281 611 ffffln’

174 633 368 693 continentia
389 635 421 692 et
442 632 633 692 orationibus
653 632 794 692 multum
811 632 878 691 Dec
899 632 1054 699 deuotam,
1080 631 1124 691 ita
1141 627 1224 671 ¹¹⁰¹&-

174 735 212 792 ut
232 732 278 791 nil
299 751 451 808 umquam
473 730 535 790 cibi
559 730 610 789 uel
632 733 733 807 potus,
751 734 878 807 excepta
898 730 948 791 die
969 729 1124 789 dominica

175 833 206 889 et
227 829 338 906 quinta
358 829 486 903 sabbati,
511 828 689 904 perciperet,
713 847 804 905 saepe
826 831 931 888 autem
952 832 1058 888 noctes
1080 829 1124 887 in·

174 930 276 1005 tegras
296 927 429 1004 peruigil
447 927 483 986 in
504 926 642 986 oratione
658 926 850 1003 transigeret.
897 927 982 1001 Quae
996 927 1123 1004 quidem

173 1027 223 1086 illi
257 1026 410 1086 districtio
445 1026 529 1086 uitae
563 1025 694 1100 artioris,
732 1026 836 1102 primo
868 1046 904 1085 ex
941 1026 1123 1086 necessitate

173 1125 386 1185 emendandae
404 1144 478 1185 suae
495 1124 657 1201 prauitatis
675 1123 853 1197 obuenerut‚
870 1124 924 1183 sed
941 1125 1123 1200 procedente

173 1225 315 1300 tempore
329 1224 546 1283 necessitatem
560 1222 594 1281 in
609 1222 867 1282 consuetudinem
882 1225 1026 1283 uerterat

211 1323 377 1401 Siquidem
395 1324 429 1383 in
449 1322 659 1383 adulescentia
680 1340 737 1381 sua
757 1321 882 1381 sceleris
902 1321 1020 1398 aliquid
1041 1341 1122 1381 com-
1140 1328 1294 1373 Hinsinsnd

174 1422 309 1496 miserat,
335 1422 419 1499 quod
446 1421 658 1495 commissum,
686 1419 740 1481 ubi
766 1421 804 1480 ad
829 1440 997 1479 corsuum
1020 1419 1119 1493 rediit,
1139 1401 1226 1493 iffi

172 1521 356 1598 grauissime
386 1521 554 1593 exhorruit,
581 1522 613 1579 et
639 1539 673 1579 se
704 1539 761 1595 pro
793 1519 849 1578 illo
881 1518 1076 1596 puniendum
1104 1538 1123 1577 a

172 1619 313 1679 districto
328 1620 436 1679 Iudice
446 1619 586 1678 timebat.
618 1618 778 1678 Accedens
788 1638 859 1695 ergo
871 1618 909 1677 ad
919 1618 1119 1692 sacerdotem,

172 1736 192 1777 a
205 1738 267 1794 quo
280 1718 340 1777 sibi
353 1717 496 1795 sperabat
509 1717 570 1776 iter
588 1716 700 1776 salutis
714 1736 804 1793 posse
818 1716 1032 1790 demonstrari,
1050 1736 1121 1776 con-

173 1816 274 1876 fessus
294 1820 342 1877 est
364 1819 485 1876 reatum
509 1835 610 1889 suum,
627 1814 786 1891 petiitque,
811 1818 847 1875 ut
871 1815 1039 1875 consilium
1062 1814 1121 1875 sibi

30 1938 141 1985 cama
175 1916 271 1990 daret,
299 1934 361 1992 quo
382 1918 487 1991 posset
509 1914 617 1991 fugere
638 1933 656 1973 a
680 1916 813 1973 uentura
837 1914 891 1973 ira.
934 1912 995 1988 Qui
1015 1914 1121 1973 audito

32 2313 108 2381 cix-Pa

30 2012 85 2101 Luci
92 2031 129 2103 iii.
138 2073 150 2115 7

150 2092 156 2102 ·
175 2014 242 2074 eius
252 2014 420 2073 commisso
430 2013 527 2073 dixit:
552 2013 695 2072 ‘Grande
706 2013 825 2072 uulnus
834 2012 1006 2089 grandioris
1016 2031 1122 2071 curam

174 2113 326 2172 medellae
348 2112 519 2186 desiderat;
543 2113 574 2170 et
595 2110 664 2171 ideo
687 2110 821 2185 ieiuniis,
845 2110 983 2187 psalmis,
1008 2113 1040 2170 et
1061 2130 1123 2169 ora·

173 2210 319 2284 tionibus,
347 2213 501 2288 quantum
521 2209 615 2283 uates,
639 2209 757 2285 insiste,
782 2229 844 2286 quo
870 2209 1121 2286 praeoccupando

173 2309 283 2369 faciem
299 2309 427 2369 Domini
440 2310 474 2367 in
491 2308 684 2367 confessione
699 2307 871 2384 propitium
888 2328 960 2367 eum
978 2306 1121 2367 inuenire

60 2386 120 2417 aaa.
172 2408 360 2468 merearis¹.'
401 2409 447 2467 At
470 2407 533 2481 ille,
558 2426 652 2482 quem
677 2406 795 2465 nimius
822 2426 890 2465 reae
914 2406 1121 2465 conscientiae

172 2506 298 2567 tenebat
317 2506 411 2580 dolor,
427 2509 459 2565 et
477 2505 610 2564 internis
629 2508 824 2581 peccatorum
845 2504 987 2578 uinculis,
1007 2504 1122 2580 quibus

171 2606 365 2687 grauabatur,
377 2605 462 2665 ocius
472 2604 665 2664 desiderabat
675 2603 796 2663 absolui
808 2624 815 2663 :
841 2603 1120 2679 ‘Adulescentior,'

171 2704 284 2780 inquit,
306 2704 393 2763 ‘sum
404 2706 514 2777 aetate,
525 2706 557 2762 et
571 2705 702 2779 uegetus
712 2721 838 2780 corpore
852 2724 859 2776 ;
881 2701 1026 2779 quicquid
1041 2703 1121 2763 mihi

29 2824 80 2853 ca
125 2825 145 2857 r.
172 2800 348 2878 inposueris
375 2803 539 2879 agendum,
570 2802 740 2862 dummodo
769 2801 874 2861 saluus
906 2802 980 2861 fiam
1008 2801 1042 2860 in
1071 2801 1120 2861 die

30 2883 50 2912 γ’
173 2901 310 2975 Domini,
336 2904 439 2961 totum
464 2901 553 2960 facile
574 2901 681 2974 ieram,
707 2900 801 2959 etiam
825 2898 852 2958 si
873 2902 971 2959 totum
997 2903 1119 2959 noctem

171 3000 283 3060 stando
302 3000 336 3058 in
355 2999 499 3076 precibus
518 3018 671 3076 peragere,
693 2998 721 3057 si
742 2999 895 3075 integram
914 2998 1119 3075 septimanam

170 3098 276 3159 iubeas
302 3098 488 3159 abstinendo
516 3098 706 3174 transigere!
748 3098 809 3171 Qui
837 3097 934 3156 dixit:
966 3096 1118 3157 ‘Multum

170 3200 225 3271 est,
249 3199 285 3256 ut
309 3199 375 3258 tota
397 3197 571 3273 septimana
591 3196 707 3273 absque
726 3195 876 3255 alimento
898 3196 1033 3271 corporis
1054 3214 1118 3271 per·

169 3296 282 3370 dures;
303 3296 356 3356 sed
376 3296 549 3355 biduanum
566 3295 618 3356 uel
636 3295 817 3355 triduanum
832 3296 880 3353 sat
893 3296 941 3353 est
955 3295 1118 3354 obseruare

169 3394 333 3453 ieiunium.
376 3394 446 3454 Hoc
470 3394 570 3464 facito,
597 3394 695 3453 donec
719 3396 788 3469 post
812 3392 968 3451 modicum
993 3395 1119 3469 tempus

170 3492 295 3552 rediens
315 3494 353 3553 ad
375 3496 415 3567 te,
439 3493 513 3570 quid
536 3492 635 3552 facere
654 3492 775 3565 debeas,
795 3495 827 3551 et
848 3491 996 3568 quamdiu
1017 3492 1118 3568 paeni·

170 3591 287 3651 tentiae
300 3591 443 3651 insistere
456 3590 515 3649 tibi
529 3590 654 3666 plenius
664 3590 848 3649 ostendam!
887 3588 1006 3663 Quibus
1016 3591 1115 3659 dictis,

170 3694 203 3751 et
225 3690 378 3765 descripta
401 3689 450 3749 illi
473 3708 621 3749 mensura
647 3688 835 3766 paenitendi,
864 3687 939 3748 abiit
966 3689 1114 3763 sacerdos,

170 3790 202 3849 et
228 3787 394 3866 ingruente
418 3807 510 3849 causa
537 3788 641 3847 subita
664 3786 790 3847 secessit
813 3786 1007 3863 Hiberniam,
1035 3790 1119 3849 unde

539 3935 547 3965 ¹
563 3936 686 3985 moriaris
698 3934 733 3985 Μ.
