2859 4334
370 272 413 336 86
640 269 799 335 Historia
820 268 1050 335 Eccastastaa
1208 277 1291 343 [tarr.

198 451 279 496 Βοιὼ
289 449 318 522 qt
411 444 586 505 Defunctns
600 448 648 504 est
661 447 767 504 autem
781 444 847 504 Deo
861 443 993 504 dilectus
1006 445 1095 520 pater
1107 441 1291 520 Augustinus

198 511 343 566 Augurum.
369 547 402 604 et
420 543 558 620 positum
573 563 683 620 eorpus
697 544 764 604 eius
782 544 865 603 foras
880 543 968 603 iuxta
981 542 1143 603 ecclesiam
1156 541 1294 600 beatonn

369 643 581 719 apostolorum
600 643 687 702 Petri
708 645 740 702 et
761 642 861 716 Pauli,
882 643 971 702 cuius
990 661 1084 717 supra
1103 640 1293 710 meminimus

370 742 442 819 quia
462 742 595 800 necdum
614 740 717 801 fuerat
736 742 871 818 perfecta
886 761 944 800 nec
961 740 1108 800 dedicata
1151 739 1224 798 Mox
1244 757 1295 798 uero

370 844 405 900 ut
434 840 572 899 dedicata
600 842 654 914 est,
682 840 766 899 intro
794 840 936 915 inlatum,
961 843 993 900 et
1022 839 1055 898 in
1083 838 1207 914 porticu
1235 835 1296 896 illius

370 940 541 1016 aquilonali
565 940 709 999 decentor
732 939 892 1016 sepultum
916 941 983 1013 est3
1011 937 1045 996 in
1070 957 1133 1013 qua
1157 937 1252 996 etiam
1269 954 1297 993 se

371 1038 536 1114 quentium
570 1037 870 1114 archiepiscoporum
904 1036 1047 1096 omnium
1083 1039 1159 1095 sunt
1195 1053 1297 1111 corpora

371 1137 525 1197 tumulata
538 1141 658 1214 praeter
671 1137 806 1197 duorum
820 1135 1048 1210 tantummodo,
1060 1134 1093 1194 id
1107 1138 1156 1194 est
1166 1133 1298 1194 Theodon‘

371 1237 403 1295 et
417 1235 595 1295 Berotualdi
605 1232 622 1310 ¹,
640 1247 774 1312 quorum
790 1237 935 1312 corpora²
948 1235 982 1294 in
997 1235 1065 1311 ipsa
1079 1233 1207 1293 ecclesia
1219 1233 1298 1310 posita

371 1335 468 1407 sunt³,
481 1335 609 1410 eoquod
624 1334 780 1412 praedicta
793 1334 928 1411 porticus
941 1335 1032 1410 plura
1042 1353 1152 1410 capere
1165 1332 1297 1410 nequiuit

371 1433 476 1493 Habet
498 1433 572 1492 haec
590 1433 624 1492 in
644 1433 746 1493 medio
767 1453 847 1510 pene
862 1433 911 1493 sui
927 1433 1024 1492 altare
1045 1433 1079 1492 in
1099 1432 1216 1492 honore
1234 1428 1299 1490 beati

371 1551 467 1608 papae
484 1531 626 1608 Gregorii
643 1531 829 1608 dedicatum,
847 1531 957 1608 inquo
973 1550 1136 1607 peremne
1157 1530 1300 1590 sabbatum

370 1649 389 1688 a
416 1629 596 1706 presbytero
623 1631 684 1690 loci
711 1631 798 1690 illius
825 1630 961 1708 agendae
988 1649 1097 1689 eorum
1126 1626 1300 1689 sollemniter

373 1727 573 1788 celebrantur.
618 1729 776 1806 Scriptum
800 1749 874 1789 uero
898 1731 946 1788 est
972 1729 1007 1787 in
1028 1727 1156 1788 tumbs⁴
1182 1726 1301 1786 eiusdem
1373 1722 1374 1763 ³

371 1826 542 1904 Augustini
570 1828 764 1904 epitaphium
798 1827 1000 1887 huiusmodi:
1039 1826 1121 1886 ‘Hic
1155 1823 1301 1903 requiescit

287 2001 291 2008 ι
372 1926 507 1985 domnus
540 1927 740 2002 Augustinus
773 1925 1043 1986 Doruuernensis⁶
1073 1925 1303 2001 archiepiscopus

372 2023 499 2100 primus,
518 2023 572 2100 qui
591 2024 666 2084 olim
687 2025 748 2084 huc
762 2046 780 2085 a
793 2025 883 2084 beato
898 2024 1046 2102 Gregorio
1060 2025 1215 2084 Romanae
1229 2018 1304 2081 urhis

372 2121 518 2199 pontifice
543 2123 685 2198 directus,
712 2133 743 2183 et
764 2145 782 2184 a
804 2125 869 2184 Deo
895 2125 1071 2202 operatione
1100 2123 1304 2183 miraculorum
1373 2148 1374 2227 p

373 2220 529 2295 suffultus,
554 2222 809 2282 Aedilbertcum⁸
833 2243 938 2299 regem
963 2243 997 2282 ac
1022 2226 1149 2300 gentem
1173 2221 1251 2281 illius
1270 2217 1304 2277 ab
1373 2240 1374 2267 ³

374 2318 528 2379 idolorum
550 2320 637 2380 cultu
650 2321 687 2380 ad
707 2321 824 2381 Christi
843 2322 937 2381 fidem
954 2322 1107 2399 perduxit,
1125 2325 1157 2381 et
1170 2316 1303 2396 conpletis
1316 2306 1374 2366 aa&

374 2418 408 2477 in
429 2439 504 2495 paee
522 2418 632 2480 diebus
651 2420 744 2480 officii
764 2421 821 2496 sui,
839 2422 1005 2483 defunctus
1019 2425 1067 2483 est
1081 2421 1148 2483 VII
1164 2419 1303 2483 Kalendas
1316 2397 1334 2434 ⁷³
1373 2424 1374 2467 t

375 2516 491 2593 Iunias,
509 2517 619 2579 eodem
633 2539 703 2596 rege
718 2521 888 2596 regnante!

1373 2506 1374 2549 l

763 2753 853 2813 cnr.
878 2753 933 2815 iv.

1373 2852 1374 2895 l

378 2909 406 2954 Ut
423 2909 565 2955 Laurentius
581 2923 635 2955 cam
654 2907 804 2968 coepiscopis⁷
818 2914 870 2958 sais
886 2915 969 2960 Scottoa
984 2917 1100 2961 unitatem
1116 2920 1206 2962 undae
1220 2913 1305 2960 adesce
1373 2912 1374 2949 ἐ

407 2989 509 3033 maxime
520 2990 643 3044 toparcha
653 2991 795 3036 obscurando
806 2994 871 3046 secui
881 2995 1183 3051 marcomannicum
1192 2995 1279 3040 Romam

799 3072 897 3118 mnae.

204 3213 348 3259 successim
418 3197 585 3260 Successrr
613 3201 792 3278 Augustino
826 3202 861 3262 in
889 3204 1100 3282 episcopatum
1129 3203 1304 3272 Laurentius
1373 3192 1374 3207 ¹

204 3273 349 3378 ppnpamen-
377 3316 471 3373 quem
499 3299 565 3375 ipse
589 3299 702 3361 idcirco
726 3303 827 3362 adhuc
848 3304 961 3364 uiuens
984 3305 1191 3381 ordinauerat‚
1214 3326 1256 3376 ne,
1280 3321 1306 3359 st

377 3396 533 3469 defuncto,
563 3401 663 3460 status
690 3401 836 3461 ecclesiae
864 3405 930 3462 tarn
961 3394 1048 3466 rudis
1076 3406 1128 3466 uel
1149 3407 1186 3466 ad
1214 3405 1305 3464 horam

377 3497 498 3570 pastore
520 3496 690 3558 destitutus
712 3500 857 3560 uacillare
878 3501 1035 3579 inciperet.
1081 3504 1123 3564 In
1144 3526 1204 3582 quo
1222 3504 1250 3562 et
1268 3517 1308 3558 ex·
1373 3494 1374 3503 ¹

377 3595 517 3670 emplum
541 3597 726 3672 sequebatur
749 3599 844 3675 primi
866 3602 999 3676 postoris
1019 3602 1171 3680 ecelesiae,
1196 3605 1248 3662 hoc
1268 3601 1307 3656 est

406 3754 415 3782 ²
432 3758 586 3808 berhtualdi
600 3760 628 3810 0¹
641 3778 647 3822 ;
664 3763 769 3812 -uusldi
781 3763 820 3812 0¹.
891 3764 902 3793 ¹
917 3780 1027 3829 corpora
1037 3782 1082 3816 cna
1093 3768 1129 3816 M.
1142 3769 1170 3818 C.
1182 3769 1212 3817 B.
1222 3767 1263 3826 111.
1272 3761 1308 3809 W·

374 3837 383 3864 ³
401 3851 457 3886 non
469 3840 533 3887 sunt
546 3838 588 3896 H„
666 3842 675 3869 ⁴
694 3842 788 3891 tumbe
800 3842 844 3891 M¹.
953 3846 963 3875 ⁵
978 3845 1100 3894 dorouer-
1112 3847 1143 3897 B.
1217 3845 1226 3874 ⁸
1238 3839 1308 3892 rotn-

375 3918 502 3967 berhtum
513 3919 542 3970 G.
654 3919 663 3948 ⁷
680 3925 811 3986 episeopis
822 3925 855 3974 N.
867 3940 907 3975 co·
918 3929 1016 3975 immed
1027 3931 1095 3976 abore
1106 3933 1141 3976 tae
1151 3931 1196 3976 tina
1205 3931 1230 3974 in
1240 3923 1272 3972 1
1280 3921 1308 3970 B.
