2859 4334
367 272 431 336 212
644 266 803 335 Historia
824 265 1058 333 Ecclesiastico
1195 269 1308 336 [arsit.

367 443 455 519 Quod
484 447 591 504 utrum
618 443 657 504 de
680 463 715 504 se
736 463 777 504 an
802 443 840 503 de
864 441 926 502 alio
948 440 1053 518 aliquo
1077 438 1203 511 diceret,
1228 432 1309 493 nobis

365 545 473 602 manet
495 543 659 618 incertum,
686 542 763 603 dum
791 545 898 603 tamen
925 540 993 614 hoc,
1024 538 1108 616 quod
1135 537 1251 596 tantus
1270 530 1310 590 uir

366 641 453 716 dixit,
471 641 544 718 quia
565 661 677 701 uerum
697 642 747 717 sit,
766 660 834 701 esse
854 661 919 700 non
939 638 1038 716 possit
1058 637 1226 696 incertum.

406 740 491 800 Obiit
506 743 613 800 autem
628 741 750 801 Ceadda
767 743 855 800 sexto
875 740 927 800 die
946 738 1109 797 Nonarum
1122 733 1307 800 Mattianum,

365 840 396 898 et
416 839 559 915 sepultus
579 842 627 899 est
648 838 752 916 primo
772 839 899 916 quidem
914 837 1002 897 iuxta
1016 834 1180 895 ecclesiam
1193 834 1308 892 sanctss

363 936 500 1012 Mariae3
529 938 582 998 sed
611 940 812 1015 postmodum
841 938 1018 996 constructa
1046 933 1162 993 ibidem
1191 928 1310 990 ecclesa

363 1034 536 1095 beatissimi
547 1036 759 1112 apostolorum
773 1035 924 1113 principis
937 1033 1032 1107 Petri,
1046 1034 1081 1092 in
1095 1031 1230 1092 eandem
1242 1029 1308 1088 suut

364 1133 431 1194 eius
450 1153 519 1194 ossa
537 1135 693 1195 translata
739 1136 780 1195 In
794 1155 856 1211 quo
871 1138 1004 1210 utroque
1016 1133 1092 1206 loco,
1108 1131 1147 1190 ad
1162 1128 1309 1189 indicium

364 1232 492 1292 uirtutis
503 1233 596 1308 illius,
609 1234 711 1294 solent
722 1233 828 1293 crebra
838 1233 1011 1293 sanitatum
1022 1229 1173 1291 miracula
1187 1228 1305 1306 operari

363 1331 506 1408 Denique
535 1351 636 1408 nuper
662 1332 830 1392 freneticus
858 1332 994 1408 quidam,
1019 1331 1097 1391 dum
1121 1348 1179 1405 per
1206 1328 1310 1387 cuncta

362 1432 493 1490 errando
514 1430 708 1505 discurreret,
733 1431 863 1491 deuenit
883 1431 928 1490 ibi
948 1448 1086 1506 uespere,
1103 1425 1309 1487 nescientibus

361 1528 428 1588 siue
449 1548 514 1588 non
535 1529 716 1590 curantibus
737 1529 798 1589 loci
820 1528 1009 1600 custodibus,
1027 1530 1058 1586 et
1075 1527 1120 1586 ibi
1138 1529 1208 1584 tota
1225 1527 1309 1584 nocte

362 1627 565 1704 requiescens,
587 1647 681 1688 mans
703 1632 812 1688 sanato
833 1648 928 1688 sensu
949 1645 1099 1704 egressus,
1125 1622 1309 1684 mirantibus

362 1728 393 1786 et
428 1727 635 1802 gaudentibus
666 1727 794 1801 cunctis,
825 1728 901 1804 quid
932 1726 978 1787 ibi
1004 1724 1151 1784 sanitatis
1179 1721 1309 1783 Domino

361 1823 512 1900 largiente
539 1830 786 1903 consequeretur,
818 1825 963 1887 ostendit.
1008 1824 1067 1884 Est
1093 1826 1202 1882 autem
1228 1822 1308 1881 locus

360 1922 445 1982 idem
470 1923 626 2000 sepulchri
650 1924 760 1984 tumba
786 1925 888 2001 lignea
912 1924 946 1983 in
972 1923 1102 1982 modum
1130 1918 1309 1980 domunculi

360 2021 441 2081 facta
454 2027 626 2098 coopertus,
648 2024 783 2084 habente
803 2023 944 2083 foramen
963 2023 998 2082 in
1017 2022 1144 2099 pariete,
1161 2041 1218 2098 per
1230 2018 1308 2098 quod

361 2121 462 2180 solent
477 2121 518 2197 hi,
536 2122 591 2198 qui
605 2141 696 2182 causa
711 2123 889 2183 deuotionis
905 2123 960 2181 illo
979 2121 1164 2195 adueniunt,
1182 2139 1308 2180 manum

360 2238 451 2280 suam
472 2220 641 2295 inmittere,
667 2241 702 2280 ac
723 2224 845 2299 partem
868 2220 1009 2298 pulueris
1029 2221 1104 2281 inde
1126 2221 1308 2288 adsumam

360 2337 455 2394 qusm
469 2338 540 2378 cum
554 2318 589 2378 in
603 2339 698 2396 aquas
712 2320 857 2380 miserint
867 2318 884 2392 ¹,
898 2323 992 2396 atque
1006 2319 1063 2379 has
1076 2317 1309 2378 infirmantibus

358 2415 510 2477 iumentis
538 2418 604 2479 siue
631 2419 816 2479 hominibus
840 2419 1010 2496 gustandas
1037 2418 1184 2479 dederint
1192 2419 1211 2492 ²,
1236 2435 1309 2475 mox

358 2515 553 2576 infirmitatis
574 2517 695 2578 ablata³
710 2517 860 2594 molestia,
878 2518 999 2594 cupitae
1019 2516 1180 2593 sospitatis
1200 2514 1308 2593 gaudia

358 2612 513 2675 redibunt.

265 2726 288 2769 n·
399 2711 441 2770 In
468 2712 557 2772 cuius
584 2713 688 2773 locum
716 2714 873 2774 ordinauit
898 2714 1080 2774 Theodorus
1104 2712 1304 2791 uynfridum,

359 2811 464 2870 uirum
482 2811 602 2872 bonum
624 2832 659 2872 ac
681 2813 868 2887 modestum,
892 2813 955 2890 qui,
979 2812 1060 2872 sicut
1079 2813 1307 2889 prodecessores

358 2909 433 2983 eius,
459 2910 630 2986 prouinciis
654 2911 840 2972 Marciorum
869 2915 901 2972 et
922 2911 1220 2972 Mediterraneorum
1240 2910 1306 2968 An·

357 3006 481 3094 glomm
496 3011 527 3067 et
541 3009 793 3070 Lindisfarorum
808 3011 1004 3087 episcopatus
1018 3009 1119 3070 officio
1138 3009 1304 3086 praeesses

358 3107 392 3166 in
423 3107 537 3183 quibus
566 3108 686 3169 cunetis
714 3108 893 3184 Uulfheri⁴,
924 3109 979 3186 qui
1009 3108 1111 3169 adhuc
1140 3109 1301 3185 supererat,

356 3207 535 3282 sceptrum‘
563 3207 651 3284 regni
679 3208 813 3268 tenebat
866 3208 943 3267 Erat
970 3211 1076 3267 sutem
1106 3205 1237 3285 Uynlrid
1264 3203 1305 3262 de

357 3303 438 3362 clero
460 3304 534 3377 eiua,
563 3304 613 3363 cui
637 3303 703 3380 ipse
728 3307 923 3379 successerat,
947 3305 1102 3364 antistitis
1111 3309 1130 3380 ⁸,
1158 3307 1189 3364 et
1210 3302 1306 3361 diaeo

356 3403 449 3462 natus
464 3401 562 3461 officio
577 3401 634 3462 sub
649 3422 685 3462 eo
700 3424 764 3463 non
778 3422 876 3480 pauco
890 3406 1030 3479 tempore
1044 3403 1235 3480 fungebatur.

396 3574 404 3604 ¹
421 3579 498 3624 -runt
510 3576 539 3626 O.
665 3575 674 3602 ²
691 3580 767 3625 -runt
780 3578 817 3637 C;
834 3576 968 3640 dedirent,
981 3581 1065 3625 altered
1077 3582 1125 3626 into
1136 3577 1250 3625 dedirint
1263 3573 1301 3621 Π.

356 3653 471 3703 'oblata
483 3653 521 3705 0¹.
534 3653 574 3704 B¹.
630 3653 695 3704 ⁴·re
708 3655 876 3716 B²;uu1feri
888 3656 921 3705 N.
987 3655 1120 3719 'septum
1133 3655 1168 3706 li.
1226 3651 1302 3702 ‘an-

356 3736 431 3786 listis
441 3733 474 3785 B.
