2859 4334
369 254 430 316 130
633 251 793 318 Historia
814 249 1046 318 Ecclesiastico
1192 261 1294 327 [nour.

366 425 461 486 etiam
496 429 653 486 crescente
683 426 767 486 bona
801 425 1033 499 consuetudine,
1067 444 1169 502 nuper
1196 425 1295 486 ssridcn

366 524 494 584 ecclesia
508 527 684 585 constructe
696 524 713 600 ¹,
735 523 954 586 sacratiorem¹
973 529 1004 584 et
1023 524 1163 584 cunctis³
1182 524 1295 584 honon-

365 621 508 682 biliorem
527 623 673 683 omnibus
692 623 816 684 locum⁴
833 624 938 684 iecere.
984 623 1048 683 Nec
1066 621 1222 698 inmerito,
1243 621 1296 699 quir

366 720 498 796 nullum,
512 725 549 780 ut
560 721 766 798 conperimus,
780 722 854 783 fidei
868 722 1064 784 Christianae
1077 721 1213 797 siguum,
1227 719 1296 780 nulls

365 818 501 894 eeclesia,
536 819 662 879 nullum
694 821 793 881 altare
819 821 855 881 in
882 823 948 881 tota
975 819 1194 881 Berniciorum
1221 821 1295 895 gente

365 919 502 976 erectum
525 922 580 986 est.
603 919 806 996 lpriusquam
831 920 890 979 hoc
914 939 1017 980 sacrae
1041 918 1141 978 crucis
1161 917 1350 977 uexilluntet

365 1034 467 1074 nouus
485 1016 614 1076 militiae
634 1017 751 1092 ductor,
769 1017 906 1077 dictante
922 1017 996 1077 fidei
1016 1016 1190 1090 deuotione,
1206 1019 1296 1075 centn

364 1113 488 1173 hostem
504 1114 761 1175 inmanissimum
774 1119 972 1192 pugnaturus
984 1118 1145 1175 statueret.
1222 1117 1226 1128 '

406 1213 435 1272 N
437 1213 491 1271 ec⁵
504 1213 543 1273 ab
554 1233 588 1273 re
598 1217 645 1274 est
656 1234 756 1274 unum
771 1235 788 1274 e
798 1215 947 1290 pluribus,
962 1233 1041 1292 quae
1050 1214 1089 1274 od
1100 1213 1181 1274 hanc
1191 1231 1296 1273 crucem

363 1314 485 1387 patrata
510 1315 594 1386 sunt,
622 1312 750 1373 uirtutis
773 1312 960 1373 miraculum
984 1331 1135 1373 enarrare.
1181 1311 1296 1387 Qrudnn

364 1410 402 1469 de
412 1410 559 1470 fratribus
573 1411 733 1471 eiusdem⁶
744 1411 1006 1488 Hagustaldensis
1019 1411 1174 1485 ecclesiae,
1185 1411 1297 1470 nominc

364 1510 532 1570 Bothelm⁷
547 1510 601 1588 qui
616 1531 701 1570 nunc
715 1531 815 1588 usque
828 1515 977 1588 superest,
990 1514 1063 1571 ante
1075 1531 1191 1590 paucos
1202 1530 1296 1581 mnes,

364 1607 441 1666 dum
456 1608 611 1669 incautius
625 1609 705 1669 forte
724 1612 818 1669 noctu
835 1609 869 1669 in
887 1609 985 1686 glacie
1003 1608 1168 1682 incederet
1188 1611 1299 1686 repente

364 1725 518 1766 conruens
527 1707 544 1782 ⁸,
562 1707 726 1768 brachium
741 1708 899 1783 contriuit,
917 1727 952 1767 ac
965 1708 1151 1786 grauissima
1164 1708 1299 1768 factum

363 1804 461 1882 ipsius
475 1805 574 1882 coepit
589 1806 732 1866 molestie
745 1806 886 1884 fatigari3
908 1807 953 1866 ite
968 1810 1005 1866 ut
1023 1827 1064 1867 ne
1077 1807 1117 1866 ad
1138 1826 1174 1866 os
1187 1806 1298 1883 quidem

362 1903 514 1964 adducere
542 1904 645 1981 ipsum
672 1905 836 1965 brachium
867 1905 1026 1965 ullatenus
1057 1904 1163 1964 dolore
1190 1907 1299 1964 arcente

362 2001 488 2061 ualeret.
534 2003 679 2076 Quicum
695 2003 893 2078 diequadnm
912 2023 1006 2062 mane
1022 2003 1146 2063 audiret
1161 2001 1300 2063 unumde
1372 2012 1373 2015 ’

362 2099 511 2160 fratribus
533 2102 572 2162 ad
595 2101 699 2161 locum
722 2102 863 2161 eiusdem
884 2105 1008 2162 sanotae
1029 2102 1130 2162 crucis
1150 2101 1300 2162 oscendere

362 2196 559 2272 disposuisse,
585 2199 715 2275 rogauit,
740 2203 777 2259 ut
802 2200 941 2277 aliquam
963 2200 1024 2260 sibi
1048 2204 1173 2278 partem
1196 2202 1234 2260 de
1254 2198 1299 2258 illo

361 2292 448 2368 ligno
472 2295 645 2354 uenerabili
667 2297 791 2356 rediens
815 2297 959 2372 adferret,
987 2298 1112 2358 credere
1134 2317 1170 2358 se
1196 2298 1296 2357 dicens

361 2391 434 2466 qnia
444 2413 500 2468 por
510 2393 576 2468 hoc,
590 2393 727 2454 donante
736 2395 881 2468 Domino,
894 2397 1027 2456 salutem
1038 2399 1145 2473 posset
1155 2393 1297 2472 consequi

361 2489 446 2548 Fecit
470 2490 534 2565 ille,
562 2496 598 2551 ut
624 2495 750 2569 rogatus
772 2497 827 2569 eet,
852 2498 884 2554 et
909 2513 1053 2555 reuersus
1072 2495 1112 2554 ad
1137 2511 1296 2572 uesperam

359 2587 540 2647 sedentibus
554 2591 616 2649 iam
630 2590 669 2649 ad
683 2611 827 2652 mensam
845 2593 1002 2661 fratribus,
1019 2593 1138 2654 obtulit
1153 2594 1182 2654 ei
1195 2589 1298 2670 aliquid

359 2686 397 2746 de
411 2687 512 2746 ueteri
526 2708 642 2762 musco,
660 2711 722 2767 quo
737 2692 915 2768 superficies
926 2693 1005 2768 ligni
1019 2696 1085 2754 erut
1099 2693 1207 2754 obsite.
1248 2687 1298 2765 Qui

359 2805 431 2844 cum
453 2788 564 2847 sedens
584 2788 622 2847 od
644 2808 787 2850 mensam
809 2811 873 2850 non
894 2791 1022 2852 haberet
1042 2793 1082 2853 od
1100 2813 1238 2862 manum,
1252 2787 1297 2850 ubi

359 2883 499 2943 oblat-um
525 2885 584 2944 sibi
609 2905 728 2947 munus
750 2893 922 2965 reponeret,
946 2890 1035 2951 misit
1063 2891 1124 2952 hoc
1148 2893 1182 2952 in
1205 2891 1296 2950 sinum

359 2981 427 3042 sibi.
473 2984 514 3042 Et
534 2984 610 3043 dum
629 2983 689 3045 iret
707 2986 858 3053 cubitum.
874 2988 992 3048 oblitus
1010 2989 1071 3048 hoo
1092 2989 1206 3050 alicubi
1222 2988 1298 3062 depo

359 3098 440 3156 nere,
458 3082 601 3157 permisit
612 3103 668 3142 suo
683 3084 715 3143 in
729 3085 799 3144 sinu
812 3105 1003 3162 permanere.
1039 3088 1086 3147 At
1096 3087 1200 3148 medio
1209 3083 1297 3146 noete

357 3181 505 3254 tempore,
524 3199 594 3238 oum
610 3181 781 3258 suigilaret,
798 3185 900 3244 sensit
916 3185 1022 3246 nescio
1040 3186 1117 3262 quid
1132 3184 1235 3264 frigidi
1248 3200 1296 3242 suo

358 3275 445 3335 lateri
459 3277 605 3354 adiacere,
622 3280 808 3358 admotaque
821 3303 919 3344 manu
934 3285 1114 3362 requirere'
1128 3285 1203 3362 quid
1216 3284 1292 3351 esaei,
1367 3322 1368 3327 κ

390 3437 398 3465 ¹
415 3444 496 3503 atque
508 3442 640 3504 dedicata,
652 3451 700 3493 add
712 3448 740 3496 0.
752 3445 793 3496 B'.
805 3447 848 3497 W.
860 3448 893 3496 D.
905 3449 949 3498 doc.
1058 3447 1069 3476 ²
1085 3450 1254 3498 secutionem
1264 3445 1293 3493 l·

356 3517 366 3545 ⁸
383 3521 410 3566 et
421 3523 533 3580 cunctis,
544 3527 646 3578 repented
658 3523 693 3572 M.
793 3524 802 3553 ⁴
819 3541 843 3573 eo
856 3527 884 3576 0.
896 3527 927 3575 B.
940 3527 973 3574 N.
985 3526 1030 3588 Μ’,
1045 3531 1088 3575 our
1102 3532 1131 3576 ia
1148 3525 1298 3580 mmm!
1366 3520 1367 3523 Ἰ

356 3601 520 3654 canapariam
537 3603 593 3646 ture
610 3605 661 3648 bern
679 3605 761 3662 added,
775 3607 874 3662 motiap
889 3608 908 3650 it
923 3604 1012 3653 locum
1024 3607 1159 3655 omnibus.
1220 3604 1293 3650 ἨΜ

357 3673 387 3723 0¹¹
398 3680 479 3722 marte
491 3679 525 3722 the
537 3681 660 3736 tepinatap
671 3683 698 3736 os
704 3695 753 3738 cap.
767 3685 803 3742 tt,
814 3698 849 3729 sce
865 3689 915 3730 note
925 3681 942 3745 ⁸,
957 3699 983 3742 p.
998 3684 1053 3743 128,
1068 3689 1120 3733 aad
1130 3681 1201 3742 καθ’,
1210 3697 1235 3741 ρ.
1244 3693 1292 3740 13¹·

355 3757 401 3800 Fer
412 3768 459 3801 nec
472 3754 506 3800 Μ.
519 3755 563 3813 Η..
576 3761 632 3804 read
644 3773 716 3808 narn.
772 3760 918 3808 ‘eiusdem
930 3778 977 3811 om.
989 3762 1026 3811 Μ.
1037 3763 1083 3822 Η..
1135 3761 1144 3788 ²
1161 3755 1291 3811 bodolmii=

355 3830 482 3878 'corruit
500 3832 536 3879 Μ.
548 3832 593 3892 H,
692 3835 861 3899 'mquirens
878 3839 909 3886 B.
927 3840 972 3900 B,;
995 3841 1093 3892 uolens
1108 3843 1235 3904 requirere
1249 3833 1292 3887 1³¹:

356 3921 376 3954 r.
388 3909 467 3969 cepit.
480 3909 522 3956 D'.
533 3909 577 3968 112.
589 3910 632 3972 A,
