2859 4334
360 261 425 325 284
627 261 785 327 Histcrrh
806 261 1036 329 Ecclesiastico
1195 273 1294 338 [nav.

359 431 390 486 et
404 427 638 504 adprehendens
651 447 724 487 eum
738 429 777 488 de
793 430 909 504 mento,
925 427 1052 505 signam
1070 431 1194 488 sandes
1207 427 1296 487 crucis

359 525 483 602 linguae
503 527 570 586 eius
590 526 744 603 inpressit,
761 546 855 604 quam
874 527 1028 603 signatam
1048 547 1192 587 reuocare
1207 527 1239 585 in
1255 545 1292 599 ce

360 628 391 682 et
413 624 499 702 loqui
520 625 610 684 illum
630 625 805 702 praecepit:
830 626 971 700 ‘Dicit0,'
990 625 1146 704 inquiens,
1166 625 1295 702 ‘aliquod
1394 666 1395 693 i

360 723 500 798 uerbum,
525 724 618 783 dicito
638 743 693 801 gae
706 723 736 800 ¹,’
750 725 833 802 quod
846 727 895 785 est
915 724 1024 801 lingua
1043 725 1221 802 Anglorum
1240 742 1297 784 aen

357 823 434 882 bam
453 824 640 884 adfirmandi
659 827 690 884 et
707 819 931 898 consentiendi,
948 824 981 884 id
999 827 1055 895 eet,
1072 825 1177 885 etiam.
1218 822 1296 883 Dixit

358 922 413 980 ille
434 921 550 997 statim,
575 921 676 984 solato
697 923 826 983 uinculo
847 923 980 1000 linguae,
998 923 1082 1000 quod
1106 923 1210 983 iussus
1229 925 1293 982 erat

358 1020 491 1081 Addidit
518 1021 679 1098 episeopus
705 1022 834 1082 nomina
860 1021 1057 1083 litterarum:
1086 1022 1208 1082 ‘Dicito
1233 1017 1295 1093 Α’;

359 1120 438 1180 dixit
452 1119 526 1179 ille²
540 1119 579 1180 A.
629 1119 748 1181 ‘Dicito
764 1119 811 1181 B'
825 1143 832 1195 ;
846 1121 926 1181 dixit
939 1121 994 1181 ille
1008 1124 1040 1181 et
1053 1120 1121 1182 hoc.
1166 1119 1295 1196 Cumque

358 1219 483 1296 singula
507 1216 683 1278 litterarum
707 1219 837 1280 nomina
864 1220 988 1281 dicente
1014 1221 1158 1297 episcopo
1185 1237 1296 1295 respon·

358 1317 597 1392 deret-addidit
621 1320 652 1376 et
676 1317 812 1394 syllabae
837 1337 873 1379 ac
897 1319 994 1379 uerba
1020 1319 1153 1379 dicenda
1174 1319 1221 1378 illi
1239 1337 1295 1395 pro
1394 1314 1395 1359 ἓ

358 1434 481 1492 ponere.
523 1416 566 1475 Et
576 1435 648 1476 cum
660 1415 852 1477 inomnibus
861 1420 1087 1494 consequenter
1096 1419 1291 1495 responderet,
1394 1494 1395 1499 η

357 1513 512 1592 praecepit
538 1533 611 1574 eum
639 1515 811 1574 sententiae
837 1515 994 1594 longiores
1020 1516 1133 1592 dicere,
1157 1519 1189 1576 et
1213 1514 1294 1587 iecit;

357 1633 459 1690 neque
481 1612 564 1673 ultra
587 1613 718 1673 cessauit
738 1616 803 1674 tota
825 1613 876 1674 die
899 1615 955 1675 illa
978 1617 1011 1675 et
1033 1618 1125 1675 nocte
1148 1617 1291 1692 sequente
1394 1646 1395 1649 ¹

358 1715 512 1790 quantum
539 1711 668 1790 uigilare
696 1711 806 1789 potuit,
838 1715 875 1772 ut
901 1712 1017 1788 ferunt,
1047 1713 1103 1789 qui
1130 1715 1293 1790 praesentes
1394 1782 1395 1797 χ

357 1812 450 1884 fuere,
478 1810 565 1888 loqui
593 1811 721 1888 aliquid,
752 1815 784 1872 et
811 1829 923 1873 aroana
949 1831 1023 1872 suae
1050 1811 1241 1890 cogitationis
1264 1830 1293 1869 ac
1394 1806 1395 1817 ¹

358 1909 539 1983 uoluntatis,
563 1909 645 1986 quod
669 1929 844 1988 numquam
866 1915 959 1971 antea
979 1911 1091 1988 potuit,
1115 1911 1185 1971 aliis
1206 1913 1291 1969 oeten-

357 2008 450 2081 dere;
470 2007 505 2066 in
527 2007 768 2069 similitudinem
789 2009 875 2069 illius
896 2010 951 2070 diu
972 2009 1083 2085 claudi,
1109 2009 1164 2086 qui
1183 2011 1292 2068 curatas

356 2106 395 2165 ab
412 2106 562 2182 apostolis
574 2106 668 2166 Petro
682 2115 714 2167 et
729 2107 878 2181 Iohanne,
895 2106 1026 2167 exiliens
1040 2107 1136 2181 stetit,
1154 2111 1185 2166 et
1201 2105 1291 2165 ambu-
1304 2121 1337 2160 ae
1353 2114 1375 2154 a

357 2203 462 2279 labat3
485 2207 516 2264 et
534 2204 665 2266 intrauit
683 2225 757 2265 cum
774 2205 839 2265 illis
852 2207 887 2266 in
904 2205 1067 2282 templum,
1085 2204 1251 2276 ambulans,
1265 2205 1290 2260 el
1304 2177 1337 2218 Α

358 2301 496 2377 exiliens,
514 2305 546 2364 et
566 2302 697 2364 laudans
716 2303 913 2379 Dominum
934 2304 1073 2382 gaudens
1089 2304 1237 2364 nimirum
1250 2299 1289 2360 uti

359 2401 458 2461 officio
490 2403 614 2478 pedum,
645 2423 707 2480 quo
734 2406 824 2463 tanto
852 2406 918 2463 erat
952 2404 1093 2478 tempore
1127 2402 1288 2462 destitutus

358 2499 453 2560 Cuius
470 2502 599 2563 sanitati
617 2503 815 2579 congaudens
834 2501 998 2578 episcopus
1015 2501 1170 2577 praecepit
1185 2498 1290 2560 medico

360 2602 471 2662 'etiam
495 2603 649 2662 sanandae
673 2601 847 2662 scabredini
867 2601 979 2679 capitis
1000 2601 1067 2660 eius
1092 2619 1197 2660 curam
1218 2596 1290 2657 adhi-
1303 2596 1395 2649 caat

355 2703 437 2763 bere.

400 2801 493 2876 Fecit,
515 2805 551 2860 ut
572 2800 709 2873 iusserat,
732 2802 764 2859 et
784 2799 912 2859 iuuante
929 2798 1146 2858 benedictione
1162 2818 1197 2858 ac
1210 2793 1290 2874 preci·
1394 2784 1395 2807 ¹

357 2898 416 2956 bus
443 2896 600 2968 antistitis,
631 2897 705 2954 nata
729 2897 777 2953 est
804 2912 876 2953 oum
903 2893 1037 2954 sanitate
1064 2893 1147 2952 cutis
1173 2893 1291 2952 uenuste

358 2995 475 3072 species
509 2993 700 3072 capillorum,
732 2993 894 3069 factusque
926 2996 973 3052 eet
1005 2991 1131 3051 iuuenis
1156 2987 1292 3067 limpidus

358 3095 451 3157 uultu
467 3097 498 3154 et
512 3092 649 3170 loquella
662 3095 812 3168 promtus,
829 3091 951 3169 capillis
964 3091 1174 3169 pulcherrime
1186 3086 1289 3165 crispis

360 3194 414 3272 qui
437 3195 511 3254 ante
534 3192 636 3251 fuerat
660 3190 817 3266 deformis,
834 3209 957 3268 pauper,
982 3193 1014 3250 et
1034 3193 1153 3250 mutua
1195 3188 1293 3264 stoque

360 3295 399 3354 de
419 3293 562 3369 percepta
581 3291 711 3350 laetatus
732 3289 890 3366 sospitate,
907 3290 1056 3349 offerente
1077 3289 1174 3349 etiam
1194 3288 1221 3347 ei
1239 3283 1293 3361 epi·

359 3411 459 3468 scopo,
483 3389 540 3450 ut⁸
558 3389 593 3450 in
620 3408 676 3448 sua
697 3387 817 3448 familia
843 3386 993 3447 manendi
1014 3387 1120 3446 locum
1144 3385 1290 3462 acciperet
1394 3468 1395 3475 ἵ

361 3489 459 3564 magis
473 3488 604 3550 domum
618 3507 763 3548 reuersus
777 3489 831 3548 est
1394 3480 1395 3483 '

394 3616 773 3680 ¹garB;gda0²,oaeraeara
831 3615 1191 3675 ’ille‚acaeccnmarqsart
1237 3613 1294 3664 'uh

360 3697 626 3758 acaedonmarptntl.
