2859 4334
109 263 173 314 cir.
187 257 295 321 xxiia]
416 247 531 316 Gestis
553 247 757 334 Aspiocum.
1000 246 1061 309 1⁷5

108 443 124 484 a
148 443 185 484 sc
205 423 244 484 ad
268 425 512 484 construendum
535 425 762 484 monasterium
783 422 927 501 accipere,
949 423 1065 499 inquo

51 547 84 578 ιι
107 523 180 599 ipse
202 543 257 582 rex
282 526 314 583 et
336 523 533 600 frequentius
558 524 598 583 ad
621 524 849 600 deprecandum
868 519 872 601 Ι
891 521 1064 582 Dominum

108 622 310 699 uerbumque
329 622 520 682 audiendum
535 620 689 696 aduenire,
707 624 739 681 ot
757 621 922 682 defunctus
941 620 1065 697 sepeliri

108 720 248 780 deberet.
293 721 374 780 Nam
394 724 476 781 etse
495 721 601 796 ipsum
621 720 756 781 fideliter
776 720 906 780 credidit
926 721 1065 780 multum

108 819 215 880 iuuari
240 839 347 879 eorum
369 819 562 880 orationibus
583 819 756 893 cotidianis,
784 818 839 895 qui
861 818 917 879 illo
940 818 975 878 in
1000 818 1067 878 loco

108 917 252 978 Domino
264 917 428 978 seruirent.
474 917 635 978 Habuerat
653 920 760 977 autem
780 917 866 976 idem
886 936 940 976 rex
961 936 1066 977 secum

107 1017 250 1076 fratrem.
258 1035 443 1092 germanum
463 1017 602 1077 eiusdem
621 1015 765 1093 episcopi,
781 1016 933 1077 uocabulo
947 1015 1063 1088 Caelia,

108 1115 219 1174 uirum
240 1134 337 1192 acque
358 1116 424 1175 Deo
438 1115 596 1188 deuotum,
614 1115 669 1191 qui
683 1113 744 1190 ipsi
764 1133 800 1174 ac
817 1113 954 1175 familiae
967 1114 1067 1190 ipsius

108 1213 247 1272 uerbum
261 1216 293 1273 et
306 1217 498 1274 sacramenta
512 1213 594 1287 fidei,
613 1215 678 1274 erat
692 1212 779 1274 enim
792 1212 962 1291 presbyter,
976 1211 1067 1272 mini·

107 1317 213 1372 strare
228 1311 354 1386 solebat,
370 1331 427 1389 par
443 1311 532 1372 cuius
551 1311 696 1372 notitiam
716 1311 854 1372 maxime
874 1312 913 1371 ad
933 1311 1067 1388 diligen-

109 1411 191 1470 dum
206 1410 463 1487 noscendumque
477 1410 655 1488 episcopum
670 1411 822 1486 peruenit.
861 1410 984 1470 Fauens
993 1429 1067 1487 ergo

109 1509 198 1569 uotis
228 1507 309 1586 regis
342 1508 473 1568 antistes
506 1508 618 1586 elegit¹
650 1508 711 1568 sibi
746 1509 850 1569 locum
884 1507 1067 1569 monasterii

108 1607 317 1668 construendi
336 1607 371 1667 in
392 1606 554 1668 montibus
567 1607 672 1668 arduis
689 1627 726 1668 ac
745 1608 881 1684 remotis,
898 1609 934 1667 in
956 1608 1069 1685 quibus

107 1707 274 1767 latronum
302 1705 403 1784 magis
437 1705 575 1782 latibula,
606 1726 641 1766 ac
669 1707 769 1766 lustra
796 1707 941 1782 ferarum,
972 1726 1067 1783 quam

107 1805 292 1866 habitacula
325 1805 422 1866 fuisse
456 1805 646 1866 uidebantur
678 1804 864 1880 hominum
898 1810 943 1881 ut,
980 1805 1069 1865 iuxta

28 1931 79 1964 nv.
107 1904 311 1982 prophetiam
339 1903 448 1978 Isaiae,
486 1903 539 1964 ‘in
567 1903 732 1980 cubilibus,
763 1903 798 1964 in
833 1904 948 1982 quibus
980 1905 1069 1981 prius

108 2004 264 2063 dracones
278 2001 468 2076 habitabant,
486 2001 637 2063 oriretur²
648 2003 734 2063 uiror
749 2003 862 2064 calami
877 2005 909 2062 et
919 2003 1025 2076 iunci’
1036 2003 1068 2063 id

109 2105 162 2162 cst
178 2100 470 2162 fructusbonorum
485 2121 614 2177 operum
629 2101 674 2160 ibi
688 2105 896 2174 nascerentur,
915 2102 969 2161 ubi
983 2102 1069 2178 prius

109 2200 168 2261 uel
188 2199 307 2260 bestiae
326 2199 520 2274 commorari,
538 2200 590 2260 uel
611 2199 757 2260 homines
773 2199 943 2260 bestialiter
963 2201 1071 2260 uiuere

107 2301 311 2360 consuerant

155 2397 297 2458 Studens
323 2400 429 2458 autem
459 2397 510 2457 uir
544 2396 674 2458 Domini
700 2401 862 2475 acceptum
888 2399 1071 2459 monasterii

108 2497 224 2558 locum
238 2494 340 2572 primo
353 2495 495 2572 precibus
508 2515 543 2556 ac
557 2495 682 2557 ieiuniis
696 2518 715 2557 a
733 2497 866 2574 pristina
879 2497 1071 2575 flagitiorum

110 2594 210 2656 sorde
234 2612 374 2671 purgare,
400 2597 432 2654 et
460 2594 504 2654 sic
531 2597 564 2655 in
593 2615 630 2656 eo
657 2596 838 2656 monasterii
865 2596 1073 2657 fundamenta

108 2695 224 2766 iacere,
241 2691 413 2770 postulauit
427 2711 445 2752 a
459 2689 538 2770 r‘ege,
556 2696 592 2754 ut
612 2693 671 2754 sibi
690 2697 795 2755 totum
809 2695 921 2756 XLW
935 2700 1068 2773 tempus,

109 2791 203 2872 quod
218 2790 363 2866 instabat,
376 2790 556 2852 facultatem
570 2811 605 2852 ac
619 2791 779 2854 licentiam
789 2793 908 2854 ibidem
922 2794 1072 2854 orationis

107 2909 210 2954 causa
230 2888 413 2950 demorandi
433 2891 623 2953 concederet.
667 2891 788 2966 Quibus
809 2892 920 2954 diebus
940 2891 1070 2966 cunctis,

108 2992 249 3066 excepta
262 2989 426 3064 dominica,
444 2989 598 3050 ieiunium
617 2990 656 3050 ed
675 3009 837 3067 uesperam
852 2991 972 3068 usque⁸
985 2990 1074 3050 iuxta

107 3109 240 3150 morem
254 3089 420 3166 protelans,
438 3109 478 3148 ne
492 3092 569 3149 tunc
583 3089 732 3165 quidem⁴
747 3089 808 3150 nisi
818 3089 909 3167 panis
921 3087 1073 3166 permodi-

108 3207 201 3262 cum,
230 3191 262 3248 ct
285 3207 385 3247 unum
408 3207 504 3247 ouum
528 3186 756 3266 gallinaceum⁸
779 3207 851 3248 oum
874 3207 972 3264 paruo
995 3187 1074 3248 lacte

107 3307 200 3366 aqua
235 3285 336 3346 mixto
369 3285 566 3363 percipiebat.
611 3286 741 3348 Dicebat
775 3287 861 3346 enim
892 3287 974 3347 hanc
1007 3305 1074 3346 esse

107 3385 379 3448 consuetudinem
399 3405 516 3459 eorum,
539 3405 558 3446 a
585 3386 700 3462 quibus
723 3405 867 3445 normam
892 3385 1074 3462 disciplinae

110 3483 275 3562 regularis
289 3483 447 3558 didicerat,
466 3487 502 3544 ut
515 3487 638 3562 accepta
651 3505 752 3562 nuper
764 3486 831 3545 loca
843 3485 882 3545 ad
896 3485 1073 3546 iaciendum

109 3581 350 3646 monasterium
385 3582 437 3644 uel
472 3583 641 3659 ecclesiam,
680 3584 768 3660 prius
810 3583 1003 3644 orationibus
1041 3602 1075 3644 ac

109 3681 249 3746 ieiuniis
270 3680 407 3742 Domino
430 3683 617 3744 consecrent
662 3681 805 3759 Cumque
825 3683 857 3743 X
877 3682 944 3744 dies
965 3681 1076 3743 XL¹²¹⁸⁰

152 3841 161 3870 ¹
180 3839 260 3902 eligit
271 3837 305 3888 N.
411 3837 421 3867 ¹
436 3839 539 3888 orietur
549 3839 573 3887 N
585 3854 592 3898 3
608 3843 760 3900 reproduciup
770 3843 805 3889 ide
816 3843 886 3889 latin
897 3846 941 3888 tud
951 3842 978 3899 of
985 3844 1077 3890 liciat.

108 3923 121 3950 ¹
145 3933 234 3982 usque
246 3933 293 3968 orn.
305 3917 334 3966 0.
399 3915 533 3980 ‘quidem
545 3922 620 3966 added
630 3934 660 3966 on
672 3922 768 3980 morfia
779 3919 816 3970 M.
893 3919 903 3948 ⁵
918 3919 1002 3968 -cium
1014 3919 1050 3970 Μ.
