2859 4334
131 266 259 331 cmvi]
434 256 548 324 Gentis
570 256 774 343 duplorum.
1016 261 1079 324 291

130 430 170 489 de
183 451 294 491 somno
304 432 391 509 gmui
406 432 572 493 excitatum
589 432 801 511 interrogauit,
818 432 992 510 sinossem,
1009 434 1081 511 quis

129 531 219 605 esset,
242 531 296 607 qui
313 531 492 608 loqueretur
510 531 548 591 ed
569 552 629 592 me.
673 534 719 593 At
736 552 793 609 ego
813 532 955 609 aperiens
975 532 1080 594 oculos

129 628 200 689 sio:
224 629 244 659 “
253 630 358 689 Etiam
371 650 378 703 ;
399 632 434 689 tu
449 649 481 689 es
495 628 625 690 antistes
639 651 730 690 meus
739 632 891 691 umatus”
926 632 946 661 “
955 633 1080 707 Potee,”

129 726 243 820 inquit,
261 730 280 757 “
291 729 398 789 uiuere
408 730 424 788 ‘t
436 729 453 754 ''
481 729 524 789 Et
533 750 608 806 ego:
627 729 646 759 “
658 730 824 804 Possum,''
838 730 975 809 inquam,
996 732 1016 762 “
1025 751 1080 809 per

128 828 285 887 orationes
299 830 426 901 uestras,
444 826 471 887 si
485 827 620 888 uoluerit
635 827 820 889 Dominus”

175 925 252 1000 ‘Qui
266 925 418 1003 inponens
432 926 525 1004 capiti
540 946 609 986 meo
624 946 762 1000 menum,
782 947 855 987 oum
870 927 973 987 uerbis
989 927 1080 987 bene·

129 1022 283 1099 dictionis,
314 1024 405 1085 rediit
431 1024 469 1084 sd
496 1026 668 1101 orandum3
692 1028 724 1085 et
751 1029 823 1102 post
849 1026 1001 1103 pusillum
1028 1046 1080 1086 me

129 1122 278 1197 reuisens,
302 1123 424 1183 inuenit
444 1124 614 1198 sedentem,
632 1127 664 1183 et
684 1124 768 1183 iem¹
793 1123 879 1201 loqui
900 1124 1079 1197 ualentem

130 1222 293 1299 coepitque
314 1242 364 1281 me
386 1223 584 1299 interrogare,
610 1222 727 1298 diuino,
748 1224 783 1282 ut
803 1242 877 1281 mox
897 1223 1006 1299 patuit,
1031 1224 1081 1283 sd·

130 1318 272 1379 monitus
298 1318 458 1395 instinctu,
489 1340 529 1379 an
561 1340 612 1381 me
643 1340 710 1381 esse
741 1320 932 1397 baptizatum
965 1320 1081 1398 absque

130 1418 277 1495 sempulo
295 1438 427 1479 nossem.
473 1419 531 1479 cui
549 1439 605 1497 ego
623 1419 740 1497 absque
753 1419 818 1479 ulls
831 1438 883 1478 me
900 1419 960 1479 hoc
974 1419 1080 1480 dubie-

130 1520 197 1576 tote
210 1516 288 1576 scire
303 1517 456 1594 respondi,
480 1518 551 1595 quis
565 1518 693 1578 solutari
712 1518 798 1577 fonte
814 1520 850 1578 in
864 1517 1079 1579 remissionem

130 1618 326 1693 peecatorum
336 1636 436 1677 essem
447 1616 593 1693 oblutus3
614 1620 646 1678 et
659 1638 775 1677 nomen
789 1617 969 1695 presbyteri,
986 1638 1004 1678 a
1018 1638 1080 1695 quo

130 1734 182 1774 me
204 1714 396 1792 baptizatum
417 1736 574 1786 noueram,
589 1716 663 1779 dixi.
703 1719 749 1778 At
762 1717 836 1778 ille:
861 1717 925 1778 “Si
938 1717 978 1778 ab
991 1716 1079 1791 hoo,''

131 1813 244 1891 inquit,
265 1816 450 1875 “sacerdote
457 1815 630 1893 baptisatus
637 1836 678 1891 es,
691 1816 942 1893 nonespersecte
950 1815 1081 1893 baptim-

131 1914 202 1987 tus3
224 1912 318 1973 noui¹
336 1933 472 1991 numque
493 1934 575 1989 sum,
595 1916 626 1974 et
646 1915 804 1991 quiscum
823 1918 905 1975 esset
919 1914 1081 1993 presbyter

132 2011 301 2087 ordinatus,
319 2012 499 2074 nullatenus
513 2015 638 2092 propter
652 2013 772 2091 ingenii
785 2014 965 2074 tarditatem
978 2013 1082 2091 potuIt

132 2110 341 2171 enthecizandi
351 2112 401 2171 uel
410 2112 587 2189 baptizandi
596 2112 808 2173 ministerium
819 2113 945 2188 discere,
953 2115 1081 2189 propter

132 2209 215 2288 quod
234 2212 266 2269 et
286 2210 352 2287 ipse
373 2210 464 2271 illum
481 2213 520 2273 ab
541 2211 636 2272 huius
654 2212 885 2288 praesumtione
903 2212 1077 2285 ministerii,

130 2310 213 2385 quod
236 2310 416 2387 regulariter
436 2310 556 2388 inplere
575 2311 733 2387 nequibat,
756 2310 945 2371 omnimodis
965 2330 1082 2371 oessare

130 2408 272 2486 praecepi
284 2408 326 2469 ³.”
368 2408 487 2484 Quibus
502 2410 594 2471 dictis
612 2411 721 2470 eodem
734 2409 811 2469 hora
827 2430 879 2471 me
896 2410 1082 2469 ootheeizsre

128 2506 197 2583 ipse
218 2508 357 2583 ourauit;
379 2508 555 2586 fretumque
576 2512 624 2568 est
633 2507 653 2585 ¹,
674 2506 680 2587 Ι
697 2510 742 2584 ut,
767 2508 950 2568 exsufflante
971 2508 1026 2567 illo
1046 2508 1081 2567 in

128 2604 242 2667 faeiem
263 2626 374 2683 meum,
395 2608 559 2668 confestim
582 2628 633 2668 me
651 2607 768 2667 melius
786 2606 901 2667 habere
920 2607 1077 2667 sentirem

128 2704 264 2766 ersuit
277 2710 383 2767 eutem
398 2707 563 2781 medicum,
582 2710 613 2766 et
627 2706 812 2767 dissolutam
826 2706 907 2767 mihi
921 2706 1081 2766 emicranii

126 2804 306 2865 iuncturam
316 2826 489 2883 conponere
502 2809 596 2883 utque
609 2806 735 2883 elligere
748 2806 848 2865 iussit.
881 2806 1081 2883 Tantumque

127 2923 203 2964 mox
214 2907 337 2982 accepta
347 2904 413 2965 eins
422 2905 637 2965 benedictione
649 2905 802 2979 conuulsi,
817 2907 852 2965 ut
864 2904 896 2964 in
909 2904 1080 2965 erastinum

125 3005 299 3065 ascendens
310 3024 426 3081 equum
435 3024 505 3065 oum
515 3003 584 3082 ipso
593 3004 652 3064 iter
662 3004 695 3064 in
704 3005 802 3064 alium
813 3004 917 3064 locum
926 3004 1057 3064 facerem
1072 3026 1080 3077 ;

127 3118 187 3160 nse
208 3100 311 3159 multo
330 3104 401 3176 post
420 3098 512 3177 plene
533 3101 658 3159 curatus
683 3098 773 3158 uituli
793 3098 888 3158 etiam
908 3098 996 3159 unde
1016 3118 1081 3175 per·

127 3197 242 3258 fusus⁴
256 3199 350 3257 sum'

171 3296 289 3357 Mansit
311 3298 417 3357 sutem
439 3296 473 3357 in
496 3297 673 3373 episcopatu
696 3296 789 3356 anuis
806 3296 965 3371 XXXIII,
985 3301 1017 3356 et
1038 3296 1081 3356 sic

162 3460 171 3487 ¹
190 3462 298 3510 inuemt
310 3462 392 3511 etiam
406 3464 523 3525 (omifflnq
533 3463 681 3511 sedentem}
696 3463 723 3511 0.
737 3463 768 3511 N.
878 3460 888 3489 ¹
903 3466 974 3511 From
984 3462 1050 3509 noui
1062 3468 1082 3508 to

128 3542 288 3601 factumque
305 3543 345 3588 est
363 3544 447 3589 several
463 3545 535 3590 renen
551 3546 671 3599 occure-inq
687 3547 712 3589 at
730 3546 765 3589 the
781 3546 839 3589 ende
854 3544 883 3600 qs
900 3546 936 3589 the
952 3544 1010 3587 ltnes
1026 3544 1082 3587 how

130 3626 185 3669 been
201 3624 294 3667 omttted
310 3624 336 3667 in
354 3619 388 3684 M,
402 3624 452 3667 ond
467 3624 543 3669 added
559 3625 585 3667 in
602 3636 618 3667 α
635 3625 703 3668 much
720 3624 778 3668 later
793 3624 866 3669 hond.
903 3623 947 3668 m
962 3623 1044 3665 redum
1061 3624 1083 3664 in

129 3702 236 3759 defective
247 3704 271 3745 at
288 3702 334 3745 thir
342 3704 415 3755 point,
430 3702 469 3746 but
481 3702 526 3747 vais
538 3704 559 3746 ie
576 3706 614 3746 not
625 3704 660 3747 the
672 3716 740 3747 carere
751 3703 778 3757 os
784 3703 819 3746 the
835 3703 965 3752 omtsrtom,
979 3714 1008 3745 or
1024 3703 1083 3746 there

129 3784 152 3826 ir
168 3792 237 3835 space
255 3781 347 3825 enm
358 3780 393 3825 ue
410 3780 467 3825 ends
484 3780 553 3835 ostie
568 3780 627 3825 ltnes
637 3782 686 3825 and
703 3782 739 3825 vu
755 3782 867 3837 morpim
883 3782 932 3825 ami
948 3781 1010 3825 thero
1020 3782 1042 3823 r'o
1053 3792 1083 3824 no

129 3860 201 3917 dqsod
218 3861 245 3904 tn
262 3859 297 3905 ue
314 3862 358 3904 mr
373 3872 403 3905 on
421 3860 456 3905 the
472 3861 648 3915 eorrespondr'np
661 3860 761 3914 partos
774 3862 809 3905 the
826 3866 910 3905 rerem
929 3858 957 3915 os
969 3860 1005 3903 the
1016 3858 1082 3912 sotio.

130 3934 139 3963 ³
156 3936 275 3999 praecipi
286 3934 320 3984 II.
410 3933 419 3962 ⁴
436 3934 537 3983 -sussus
548 3934 582 3983 M.

580 4034 634 4077 ΠΖ
