2859 4334
492 248 626 313 auctora
647 246 773 313 Barda.
1037 250 1103 315 883

149 417 241 480 corda
261 439 394 497 sursum,
414 420 558 483 omnium
579 420 726 483 leuantur
746 441 838 483 uooea
857 422 896 483 ad
917 423 1099 485 Dominum.

150 516 291 579 Tandem
324 520 374 580 die
400 520 501 595 tertia,
533 520 679 582 ueniente
706 519 882 583 Dominico¹
908 523 1100 597 Pentecosten,

20 630 41 659 »¹
67 630 87 661 b
150 617 363 680 conueniunt·
391 638 501 681 omnes
519 618 523 700 Ι
541 620 596 698 qui
626 624 716 681 erant
742 620 777 681 in
805 622 992 682 monasterio
1019 621 1104 683 beati

149 714 236 779 Patri
264 719 299 779 in
326 718 502 795 eonsilium,
533 722 649 781 adsunt
676 722 708 780 et
737 720 772 781 da
797 723 974 782 monoptota
1000 720 1102 782 beati⁸

148 816 239 878 Paaii
252 816 411 879 seniorum
425 838 489 880 non
503 819 601 897 pauci.
646 818 698 880 Fit
711 840 775 881 una
789 820 960 893 eoncordia,
978 820 1103 882 eadem⁴

149 918 354 995 utrorumque
374 916 510 979 santent'
592 919 732 995 Eiiqitur
754 918 860 996 itaque
883 922 974 981 abbas
997 922 1103 981 Hierat-

150 1014 298 1077 berobtns³
319 1017 390 1092 qui‘
406 1035 425 1078 a
439 1016 550 1092 primis
569 1017 721 1095 pueritiae
741 1016 935 1095 temporibus
954 1020 1051 1079 eodem
1070 1021 1104 1080 in

149 1116 320 1177 monasterio
334 1135 398 1176 non
413 1114 516 1176 solum
530 1114 681 1194 regularis
695 1115 908 1177 obseruantia'
921 1117 1104 1195 disciplinae

149 1212 323 1287 institutus,
350 1214 404 1273 sed
426 1214 458 1273 et
480 1212 643 1289 scribendi,
671 1214 826 1289 eanmndi,
851 1213 977 1291 legendi
997 1234 1033 1274 ao
1054 1212 1104 1275 do·

149 1313 241 1374 oendi
256 1312 357 1373 fuerat
370 1332 435 1372 non
454 1331 551 1389 parua
564 1313 750 1375 exercitatus
762 1313 924 1374 industria.
969 1312 1102 1375 Romam

149 1426 272 1487 quoque
300 1409 493 1488 temporibus
527 1413 635 1472 beatae
668 1410 838 1472 memoriae
873 1410 973 1489 Sergii
1006 1432 1103 1491 papae

149 1526 320 1585 accurrens,
347 1512 378 1570 et
402 1530 467 1571 non
494 1528 590 1589 paruo
613 1510 730 1571 ibidem
754 1511 905 1587 temporie
929 1511 1030 1589 spatio
1054 1511 1104 1571 de·

149 1610 299 1683 moratus,
321 1609 480 1687 quaeque⁸
502 1608 563 1670 sibi
584 1609 756 1670 necessaria
775 1608 939 1684 iudicabat,
961 1609 1072 1671 didicit
1080 1610 1100 1685 ⁹,

150 1704 320 1784 descripsit,
351 1707 479 1784 retulit;
513 1708 643 1787 insuper
670 1712 701 1769 et
729 1706 893 1769 duodecim
921 1712 994 1769 ante
1027 1708 1103 1770 haee

149 1824 250 1866 annos
264 1808 430 1881 presbiterii
443 1810 491 1867 est
507 1806 635 1870 binetus
650 1806 758 1869 officio.
802 1808 863 1867 Hie
883 1806 979 1885 igitur
998 1808 1104 1869 obstas
1119 1818 1227 1864 ceolfrid

149 1907 241 1967 abbas
263 1907 302 1967 ab
326 1907 474 1968 omnibus
499 1907 660 1984 utriusque
682 1904 814 1983 praefati
840 1905 1022 1967 monasterii
1045 1906 1102 1966 fra·
1117 1878 1236 1983 ffl

149 2004 258 2079 tribus,
272 2004 379 2067 statim
394 2005 563 2083 assumptis
577 2024 682 2067 seeum
695 2006 843 2081 aliquibus
850 2004 999 2079 fratrum,
1014 2006 1102 2067 uenit
1118 1997 1179 2042 ‘³⁰¹²

150 2104 190 2165 ad
214 2102 359 2165 abbatem
383 2104 573 2166 ceolfridum
601 2124 730 2165 sursum
754 2103 845 2165 nauis
868 2122 930 2180 qua
951 2122 1102 2165 oceanum

148 2203 297 2263 transiret
311 2206 524 2281 expectantem
537 2226 545 2279 ;
563 2224 656 2281 quem
667 2204 825 2280 elegerant
833 2200 855 2235 ¹⁰
868 2201 1013 2263 abbatem
1026 2223 1104 2264 nun·

149 2301 254 2363 tiant:
283 2300 348 2361 Deo
369 2301 490 2380 gratias,
512 2302 679 2379 respondit,
701 2304 862 2363 eiectionem
881 2304 1051 2377 confimat,
1071 2306 1104 2362 at

150 2400 451 2461 oommendatoriam'
478 2399 517 2463 ab
553 2420 590 2461 eo
625 2402 775 2477 epistolam
804 2402 957 2476 apostoliea
965 2396 984 2429 ¹¹
1006 2420 1103 2476 popae

151 2499 303 2577 Gregorio
312 2498 505 2574 deserendam
513 2499 664 2577 suaoepit3
686 2498 783 2573 auius,
794 2497 963 2559 memoriae
976 2497 1100 2573 aauaa¹’‚

151 2598 333 2675 putauimus
362 2598 456 2657 etiam
484 2598 519 2659 in
547 2597 606 2659 hoa
633 2616 724 2675 opere
752 2616 861 2658 uersus
889 2596 1010 2673 aliquot
1036 2618 1103 2658 esse

150 2698 319 2775 ponendos.

22 2840 26 2851 .
79 2824 103 2851 a
196 2816 241 2871 ¹9·
266 2798 393 2857 Domino
407 2796 440 2855 in
452 2796 580 2857 Domino
597 2796 779 2857 doniinorum
797 2796 988 2871 dilectisaim
1008 2799 1104 2870 inmte
1121 2810 1244 2856 ueteres

151 2896 315 2957 animno
327 2912 425 2971 papae
448 2895 591 2970 aromo,
608 2894 855 2955 monimum
868 2894 989 2954 numan
1001 2911 1104 2955 mue
1118 2872 1255 2987 {33⁰³

149 2998 251 3067 nester,
282 2994 372 3054 abbas
398 2994 526 3054 coenobii
554 2994 711 3054 beatissimi
745 2993 939 3068 apostolorum
959 2992 1104 3067 mnemia
1120 2990 1274 3047 Gmsorrll

150 3090 232 3151 Petri
253 3091 316 3151 da¹¹
337 3090 473 3165 Sasonis,
491 3096 662 3167 ponpdumn
683 3093 716 3149 in
735 3092 864 3151 Domino
882 3090 1015 3150 saluum.

195 3190 317 3252 Gratias
329 3208 412 3266 apae
424 3208 483 3251 non
501 3208 576 3251 casso
594 3190 803 3265 dispensationi
820 3190 938 3263 mpemi
951 3185 1102 3262 examinis,

151 3306 216 3351 nna
235 3308 302 3350 oum
321 3291 431 3351 sanctia
444 3290 593 3365 fraenare
609 3289 660 3363 qni
679 3306 790 3349 mam
805 3290 836 3347 in
855 3288 902 3348 bia
920 3288 989 3348 iocis
1007 3289 1047 3348 ad
1064 3288 1107 3346 in·

150 3384 327 3445 ueniendum
339 3385 492 3459 requiem¹⁴
511 3384 667 3444 animatas
684 3384 748 3443 suis
764 3384 975 3444 nouissimam
996 3380 1106 3444 Christi

185 3522 194 3551 ¹
212 3526 348 3577 dominico
359 3526 403 3576 die
416 3527 446 3576 Ρ.
458 3526 487 3577 C.
526 3526 537 3556 ²
553 3540 631 3576 sonu.
644 3526 744 3575 iterum
756 3526 779 3574 δ.
819 3524 829 3553 ⁸
846 3524 920 3573 Petri
933 3560 1019 3576 .....
1031 3525 1103 3575 besti

151 3620 198 3655 om,
209 3604 238 3655 0.
315 3604 434 3655 *eadam
446 3604 493 3667 11„
565 3602 760 3653 'hwatbertus
772 3602 804 3654 D.
817 3603 845 3653 P.
860 3603 888 3652 (2.
901 3602 941 3664 B;
958 3603 1062 3653 havath·
1074 3602 1104 3654 F.

151 3684 243 3733 ‘hom
255 3684 303 3745 qui
314 3690 334 3733 io
345 3683 543 3734 commendato·
552 3684 576 3733 ia
586 3682 702 3733 omitted
715 3684 745 3733 iu
757 3682 804 3743 H„
836 3678 847 3709 ¹
863 3683 937 3732 -bisa,
950 3682 984 3732 1).
992 3681 1021 3732 Ρ.
1030 3681 1060 3733 0.
1071 3682 1104 3732 Β.

151 3761 162 3792 ⁸
179 3776 260 3825 quem
272 3761 302 3812 (i.
383 3762 479 3812 'dioit
490 3762 518 3811 O.
617 3760 637 3791 ¹⁰
652 3761 786 3825 eligerant
797 3760 830 3811 D.
845 3756 883 3809 ri
896 3760 927 3809 B.
1027 3758 1045 3789 ¹¹
1063 3776 1104 3810 es

152 3840 184 3891 0.
277 3838 297 3870 ¹¹
313 3854 420 3889 oausam
431 3840 461 3891 0.
473 3840 506 3891 B.
585 3837 604 3869 ¹⁸
620 3838 654 3889 sd
667 3840 743 3890 MSS.
774 3838 809 3889 de
820 3843 842 3889 is
852 3840 990 3898 Μίνωι
1001 3842 1038 3889 tta
1048 3854 1103 3897 copy

151 3922 233 3979 ostiis
242 3922 304 3969 aner
315 3924 343 3968 in
354 3918 429 3969 Hiat.
440 3918 529 3969 Aaou.
630 3914 648 3947 ²⁴
665 3918 780 3981 gratam
791 3918 823 3967 B.
918 3930 921 3933 ’
