2859 4334
320 294 387 357 420
633 231 793 379 nprsoo'
809 292 895 360 aaa
917 294 963 361 aa
1027 264 1031 273 ’

319 448 391 509 huic
412 452 536 511 nostrae
557 449 767 511 exhortationi
786 451 927 512 multum
946 451 1193 513 contradicturos
1203 450 1222 527 ¹,
1239 456 1274 512 et

319 548 456 610 maxime
474 570 535 624 eos,
556 549 610 626 qui
627 549 765 626 seipsos¹
778 550 843 611 illis
864 548 1061 625 facinoribus,
1078 550 1226 628 aquibus
1239 556 1273 611 te

318 648 530 726 prohibemus
548 668 616 709 esse
634 649 776 709 sentiunt
794 650 953 725 irretitos;
973 650 1028 710 sed
1042 651 1225 711 meminisse
1238 654 1272 710 te

318 746 407 807 decet
427 747 612 824 apostolicae
633 747 852 824 responsionis,
869 749 944 825 quia
967 748 1127 809 ‘obaedire
1148 752 1271 826 oportet
1288 760 1424 817 scevae

317 845 384 906 Deo
404 846 505 923 magis
525 865 620 923 quam
640 845 843 907 hominibus’
884 848 1068 908 Mandatum
1087 848 1204 926 quippe
1221 852 1271 909 est

317 944 397 1005 Dei:
423 945 577 1005 ‘Uendite
597 964 675 1022 quae
691 945 866 1021 possidetis,
880 949 913 1006 et
931 947 1003 1007 date
1022 947 1228 1007 elemosinam
1241 948 1269 1023 ;'
1286 962 1351 1010 Lus
1362 966 1411 1011 xii.

316 1047 367 1106 et:
399 1044 487 1105 ‘Nisi
507 1045 578 1123 quis
598 1046 831 1106 renunciauerit
852 1047 999 1107 omnibus
1020 1068 1098 1124 quae
1118 1045 1266 1125 possidet,
1285 1039 1351 1129 ᾖα
1363 1086 1414 1128 ¹„

316 1164 380 1205 non
415 1146 518 1221 potest
545 1162 634 1204 meus
663 1164 731 1204 esse
762 1144 955 1222 discipulus'
995 1146 1135 1206 Traditio
1162 1149 1269 1206 autem
1285 1157 1322 1199 δὲ

316 1243 467 1304 moderna
491 1245 539 1303 est
560 1244 758 1320 quorundam
766 1243 786 1319 ⁸,
812 1244 868 1321 qui
895 1263 930 1304 se
957 1243 1017 1305 Dei
1040 1244 1177 1305 famulos
1201 1264 1270 1303 esse

315 1342 510 1420 profitentur,
529 1361 592 1402 non
607 1342 729 1401 solum⁴
745 1362 888 1419 possessa
907 1362 973 1402 non
993 1343 1137 1417 uendere,
1156 1362 1269 1404 uerum

314 1440 429 1501 etiam⁶
444 1460 620 1518 comparare
633 1460 699 1499 non
713 1440 829 1503 habIta
875 1441 943 1517 Qua
963 1461 1037 1519 ergo
1049 1442 1154 1502 fronte
1174 1442 1269 1501 audet

315 1540 479 1617 quisquam
506 1539 545 1600 ad
574 1539 740 1600 seruitium
764 1538 894 1599 Domini
917 1559 1103 1614 amessurus,
1126 1540 1178 1601 uel
1204 1560 1268 1613 eas,

314 1640 409 1715 quasl
420 1639 454 1699 in
469 1638 599 1699 seculari
614 1638 680 1698 uita
694 1638 854 1713 habuerat,
867 1642 1031 1715 retentare,
1043 1640 1095 1699 uel
1111 1640 1172 1700 sub
1186 1660 1269 1717 prae

314 1740 400 1799 textu
410 1738 494 1799 uitae
502 1738 665 1798 sanctioris
674 1738 754 1811 illas,
762 1756 840 1815 quas
849 1737 1075 1807 nonhabuerat‚
1082 1756 1269 1815 congregare

313 1837 457 1912 diuitias3
479 1857 551 1897 cum
565 1837 680 1898 etiam⁶
694 1836 864 1914 apostolica
884 1837 924 1897 sit
942 1836 1106 1896 notissima
1125 1857 1263 1913 censura,

313 1956 391 2013 quae
404 1938 586 1997 Annaniam
601 1939 633 1996 et
647 1936 812 2013 Saphiram
823 1935 882 1996 hoc
895 1936 994 1995 facere
1008 1936 1181 2009 molientes,
1198 1956 1264 1996 non
1282 1956 1317 2001 ct
1329 1958 1390 2005 Aca
1401 1972 1416 2001 v

314 2034 380 2095 ullo
401 2035 610 2112 paenitentiae
628 2035 678 2095 uel
700 2034 917 2094 satisfactionis
930 2034 1068 2094 remedio
1082 2035 1260 2112 corrigere’,
1284 2030 1349 2064 ''¹‘’

313 2134 387 2195 sed⁸
401 2134 468 2211 ipsa
481 2134 588 2195 statim
603 2132 714 2193 mortis
728 2132 848 2192 ultricis
868 2132 1051 2194 accelerabit
1065 2134 1266 2194 damnatione

312 2232 424 2309 punire
436 2234 472 2293 ⁹⁶?
513 2232 555 2292 Et
569 2232 696 2309 quidem
713 2231 841 2291 illinon
856 2232 958 2292 aliena
971 2232 1123 2310 colligere,
1139 2233 1195 2292 sed
1209 2253 1268 2293 sua

310 2331 480 2409 incongrue
500 2331 632 2391 retinere
647 2330 834 2391 maluerunt
879 2330 974 2391 Unde
986 2331 1153 2390 manifeste
1167 2334 1262 2408 patet,

311 2450 404 2507 quam
420 2431 512 2506 longe
525 2429 682 2490 abstiterit
696 2429 823 2489 animus
835 2428 1048 2506 apostolorum
1061 2449 1080 2489 a
1098 2430 1266 2505 suscipien-

310 2529 359 2589 dis
368 2526 390 2561 ¹⁰
404 2528 606 2607 pecuniarum
628 2528 899 2605 adquisitionibus,
916 2529 970 2605 qui
989 2528 1049 2588 sub
1067 2527 1123 2588 illa
1139 2529 1266 2606 proprie

310 2628 417 2705 regula
439 2628 575 2688 Domino
595 2627 791 2687 seruiebant:
816 2627 924 2687 ‘Beati
937 2646 1094 2704 pauperes,
1111 2628 1185 2703 quia
1198 2648 1267 2687 uas·
1284 2645 1350 2691 nuc.
1364 2648 1395 2691 er

310 2726 396 2783 trum
425 2725 473 2783 ost
500 2742 633 2800 regnum
665 2721 821 2782 caelorum
831 2720 850 2751 ¹¹
863 2721 886 2795 ς’
917 2725 949 2781 et
976 2740 994 2781 e
1020 2725 1136 2797 contra
1166 2722 1267 2798 partis
1284 2720 1321 2759 '⁰’
1334 2723 1372 2759 ²*

309 2821 452 2881 sinistrae
469 2820 629 2899 proposito
649 2819 873 2880 nichilominus
893 2819 1141 2880 instituebantur
1163 2840 1267 2881 exem·

309 2920 381 2998 plo:
406 2920 472 2981 ‘Ue
493 2920 582 2980 uobis
604 2918 763 2994 diuitibus,
781 2918 855 2995 quia
874 2918 996 2978 habetis
1016 2918 1266 2980 consolationem

307 3019 467 3079 uestram!
509 3019 562 3078 An
584 3019 664 3078 forte
685 3033 802 3077 errasse
823 3036 858 3077 ac
880 3016 1079 3077 mendacium
1103 3017 1266 3093 scripsisse

307 3122 455 3196 putamus
489 3117 672 3194 apostolum,
714 3136 785 3175 cum
820 3134 878 3174 nos
912 3116 1085 3175 admonens
1119 3116 1266 3178 dicebat:

311 3218 458 3291 ‘Fratres
476 3216 573 3275 nolite
586 3234 686 3275 errare
699 3213 718 3289 ς’
740 3214 911 3290 statimque
924 3214 1104 3273 subtexuit:
1131 3214 1264 3292 ‘Neque
1284 3248 1293 3277 1
1306 3236 1366 3283 cor.
1377 3238 1407 3281 ra

305 3316 399 3390 anari,
418 3335 517 3391 neque
531 3313 649 3389 ebriosi,
667 3331 770 3390 neque
789 3330 912 3389 rapaces
931 3332 1063 3389 regnum
1085 3312 1144 3374 Dei
1165 3315 1262 3390 pomi·
1278 3309 1304 3349 ⁹‘
1319 3311 1353 3341 ¹⁰

306 3413 427 3475 debunt
441 3414 466 3489 ;'
494 3413 675 3474 etiterum:
701 3412 789 3472 ‘Hoc
801 3414 907 3471 autern
921 3411 1041 3484 scitote,
1055 3412 1139 3488 quod
1153 3414 1265 3473 omnis
1283 3430 1352 3487 spu
1364 3448 1410 3487 ις

305 3512 477 3587 fornicator,
510 3516 564 3573 aut
586 3512 779 3584 immundus,
806 3508 893 3569 aut¹²
913 3529 1033 3585 auarus,
1054 3509 1059 3588 Ι
1076 3514 1132 3571 aut
1153 3530 1261 3588 rapax,
1282 3530 1301 3577 f,
1313 3546 1376 3589 φ,

339 3720 346 3748 ¹
364 3720 483 3771 contrad.
497 3720 615 3769 multum
628 3720 665 3768 ll.
741 3716 752 3745 ³
767 3720 869 3780 seipsos
879 3730 924 3766 orn.
939 3717 974 3766 ll.
1052 3714 1063 3745 ⁸
1079 3730 1155 3778 quor.
1164 3724 1207 3765 ast
1220 3718 1261 3768 la

302 3798 311 3827 ‘
329 3816 383 3849 non
396 3802 482 3849 solum
493 3817 537 3850 om.
553 3801 590 3852 H.
677 3803 687 3831 ³
703 3804 732 3848 et
742 3800 778 3849 H.
875 3800 886 3829 ⁴
902 3812 1013 3860 eaquae
1024 3797 1059 3847 bl.
1138 3796 1148 3825 ⁷
1163 3800 1266 3861 ⁸rigere

303 3878 590 3939 omMmhvaa
697 3876 862 3927 'wduM.
961 3876 1072 3926 hfiM.
1161 3876 1265 3927 “mo

302 3958 382 4007 scrib·
394 3959 430 4009 ll.
543 3959 561 3990 ¹¹
578 3960 621 4009 dei
634 3960 668 4011 Μ.
782 3958 802 3988 ¹²
817 3961 864 4009 aut
875 3974 920 4009 om,
933 3958 969 4008 n.
