2859 4334
125 297 184 346 car.
197 289 327 355 xxv111.]
426 279 542 347 Gentis
565 280 771 365 Aoplorum.
1012 278 1073 341 195

125 456 220 518 irater
243 455 487 517 reuerentissimi
510 453 678 517 antistitis¹
708 457 813 532 Geddi,
840 456 928 517 ouius
955 455 1077 532 saepius

125 555 338 629 meminimus,
359 557 391 615 et
411 554 505 614 abbas
526 555 708 615 monasterii
730 555 822 630 illiue,
841 555 922 632 quod
947 556 1078 615 uocatur

126 651 362 732 Laeetingaeu².
419 653 567 730 Mieitque
594 673 665 714 cum
700 673 737 713 eo
770 673 826 713 rex
859 653 1077 730 presbyterum

126 772 220 814 auum
237 751 388 812 uocabulo
401 751 604 811 Eadhaedum
613 752 633 826 ⁸,
647 752 701 828 qui
715 754 823 829 postea
840 755 991 829 regnante
1004 751 1079 828 Erg-

126 851 207 912 frido
216 852 236 924 ⁴,
253 849 430 928 Hrypeneie
443 849 586 910 ecclesiae
599 851 724 926 praesul
742 851 844 910 faetus
858 854 913 912 eet.
958 850 1079 911 Uerum
1095 854 1250 925 macomus

127 949 176 1010 illi
197 949 341 1009 Cantiam
362 949 586 1024 perueniantee,
603 950 793 1010 inuenerunt
813 949 1079 1027 arehiepiscopum
1095 916 1220 1022 Qu

128 1048 301 1109 Deuededit
320 1046 384 1108 iam
404 1047 552 1124 migrasse
573 1047 612 1108 de
629 1048 759 1123 saeculo,
779 1051 812 1108 et
832 1049 967 1109 necdum
981 1047 1080 1108 alium

129 1167 186 1226 pro
207 1166 244 1207 eo
265 1145 470 1208 constitutum
489 1145 586 1206 fuisse
603 1147 792 1224 pontificem
837 1148 931 1209 Unde
945 1148 1081 1208 deuerte-

129 1245 268 1307 runt⁶ad
282 1245 474 1322 prouinciam
490 1243 755 1306 occidentalium⁸
766 1246 934 1320 Saxonum,
945 1246 1001 1307 ubi
1014 1247 1081 1305 erat

130 1343 230 1407 Uini⁷
255 1344 438 1422 epiecopus;
459 1347 491 1404 et
512 1343 550 1404 ab
573 1344 628 1404 illo
655 1348 703 1404 eet
727 1345 776 1405 uir
798 1344 955 1422 praefatus
979 1365 1083 1405 oonee·

129 1447 234 1506 oratus
258 1444 397 1520 antistes,
423 1443 579 1504 adsumtis
606 1443 641 1502 in
668 1445 849 1504 societatem
877 1443 1083 1505 ordinationis

37 1549 38 1554 ’
130 1541 254 1604 duobus
271 1539 276 1622 Ι
294 1543 333 1602 de
342 1541 533 1602 Brettonum
547 1546 640 1621 gente
654 1542 813 1621 episeopis,
825 1544 878 1621 qui
890 1543 1084 1604 dominicum

130 1641 263 1720 paschae
290 1641 382 1716 diem,
406 1643 443 1702 ut
466 1641 590 1718 saepiue
618 1641 738 1702 dictum
765 1645 820 1716 eat,
847 1661 935 1702 secus
961 1661 1083 1702 morem

130 1740 316 1802 eanonioum
330 1759 349 1800 a
362 1738 481 1800 xl111³
493 1759 593 1816 usque
607 1741 644 1800 ad
655 1740 758 1800 xxm
772 1739 881 1801 lunam
895 1740 1081 1802 oelebrant'.

132 1839 205 1900 Non
225 1839 311 1899 enim
329 1841 395 1900 eret
415 1841 492 1900 tune
508 1838 601 1914 ullus,
618 1842 747 1917 excepto
763 1839 819 1899 illo
841 1839 953 1915 Uine',
970 1838 1004 1899 in
1018 1842 1085 1901 tota

133 1938 292 2000 Brittania
315 1939 462 1999 eanonioe
483 1937 645 1999 ordinatus
669 1939 839 2016 episeopus.
883 1939 1086 2000 Coneeomtua

133 2057 207 2116 ergo
238 2037 273 2096 in
308 2035 507 2114 episeopum'
534 2036 656 2098 Ceadda
683 2039 854 2098 maximam
881 2057 955 2099 mox
985 2038 1087 2114 coepit

134 2134 360 2196 ecclesiastieae
386 2135 512 2196 ueritati
540 2138 572 2196 et
599 2136 733 2197 castitati
761 2156 868 2197 euram
895 2136 1086 2214 inpendere;

134 2235 318 2310 humilitati,
332 2236 551 2310 eontinentiae,
569 2235 694 2296 lectioni
708 2255 835 2313 operam
848 2235 941 2311 dare;
962 2235 1083 2313 oppida

135 2353 217 2409 mre,
232 2353 325 2410 oreae,
339 2334 432 2408 uiuos,
446 2332 572 2394 eaetella
585 2338 712 2412 propter
723 2334 1009 2410 euangelizendum,
1022 2354 1087 2395 non

134 2433 314 2510 equitando,
338 2434 392 2493 sed
416 2432 628 2510 apostolorum
652 2452 741 2493 more
762 2433 894 2511 pedibus
915 2434 1088 2495 incedendo

135 2551 306 2612 peragrare
351 2531 427 2592 Erat
442 2531 526 2592 enim
540 2532 580 2592 de
594 2531 755 2609 discipulis
769 2533 892 2607 Aidani,
910 2533 1089 2611 eisdemque

136 2632 259 2692 actibus
272 2649 307 2690 ao
320 2629 461 2691 moribus
479 2630 567 2690 iuxta
585 2630 765 2708 exemplum
781 2631 849 2692 eiua
866 2651 902 2692 ao
915 2631 1022 2692 fratria
1040 2633 1089 2692 eui

137 2729 237 2794 ceddi
271 2748 345 2789 suoe
381 2727 546 2789 instituere
576 2731 697 2790 ourauit
730 2731 896 2792 auditores.
964 2732 1091 2792 Uenere

137 2848 262 2906 quoque
281 2827 470 2888 Brittaniam
488 2828 600 2903 Uttfiid
612 2830 675 2889 iam
689 2831 837 2904 apr’wopua
856 2829 956 2889 faetus
975 2831 1006 2888 et
1024 2827 1090 2905 ipae

138 2926 286 3008 perplura
304 2925 471 2986 ratholioae
489 2926 713 2988 obeemationie
734 2928 949 2988 moderamina
970 2927 1092 2988 occtedia

139 3025 319 3104 Anglorum
341 3044 397 3085 sua
419 3025 559 3086 doctrina
580 3026 721 3088 contulit.
776 3027 869 3089 Unde
893 3028 1010 3087 sactum
1033 3029 1089 3101 eat,

141 3127 186 3200 ut,
219 3127 375 3184 crescente
402 3145 457 3202 per
484 3125 550 3185 dies
576 3125 778 3186 institutione
805 3126 963 3200 catholiea,
995 3125 1093 3186 Sootti

140 3241 260 3298 omnes,
279 3223 333 3300 qui
356 3223 439 3283 inter
458 3223 579 3300 Angloe
601 3224 811 3295 morabantur,
831 3227 886 3285 aut
908 3224 958 3284 hia
980 3243 1093 3284 manua

142 3323 263 3396 darent,
286 3323 341 3382 aut
361 3341 450 3381 suam
472 3322 610 3382 redirent
630 3321 669 3382 ad
690 3323 823 3398 patriam
834 3321 865 3384 ¹⁰.

175 3482 184 3513 ¹
201 3483 235 3531 ·ti
247 3482 289 3542 m
305 3482 415 3530 antiatis
426 3480 466 3530 B'.
528 3480 538 3510 ²
555 3484 633 3545 -gaig
644 3481 685 3533 13².
746 3481 756 3510 ⁸
773 3483 884 3533 -hedum
896 3484 929 3533 N.
968 3483 1094 3534 ‘ecfrido

142 3563 173 3612 C.
257 3561 268 3590 ⁵
283 3561 385 3610 diuert-
396 3560 425 3610 C.
438 3561 469 3610 B.
553 3563 563 3592 ⁸
580 3559 702 3610 ·oci'd‘·on
713 3578 806 3610 morare
817 3563 852 3623 ll,
862 3568 897 3611 the
907 3568 978 3612 mate
988 3568 1095 3611 nodoatt

143 3645 210 3690 wne
222 3641 320 3690 orient·
332 3642 461 3702 eripimur,
480 3655 508 3688 oe
522 3643 549 3688 in
565 3644 600 3688 tte
615 3645 732 3700 heediup,¹
749 3645 798 3688 and
815 3645 861 3690 ttia
876 3646 899 3690 ie
915 3648 950 3690 tte
965 3646 1100 3701 readinpos

143 3725 180 3769 lta
191 3725 236 3770 tert
247 3721 275 3768 in
286 3719 333 3780 H„
425 3715 529 3767 'uuini
541 3719 569 3769 0.
659 3718 806 3768 ¹·brnrant
819 3719 858 3770 0¹.
923 3720 933 3750 ⁹
949 3724 1054 3784 -patum
1065 3722 1095 3770 C.

146 3797 165 3828 ¹⁰
180 3799 254 3848 ande
267 3835 274 3848 .
287 3835 293 3848 .
308 3799 450 3862 ‚patriam
463 3801 538 3847 added
548 3813 578 3846 on
588 3801 654 3847 lower
665 3803 760 3859 morula
771 3797 806 3848 ll.

605 4063 655 4106 02
