2859 4334
358 248 421 311 136
625 243 784 310 Hietmio
805 241 1035 308 Ecclesiastico
1184 251 1283 317 [amru.

356 420 476 480 incessu
491 425 607 495 uectus,
621 419 683 478 nisi
693 418 720 478 si
730 417 829 478 maior
839 417 918 478 forte
927 416 1096 476 necessitas
1106 415 1284 492 conpulisset,

356 519 496 593 solebat;
520 519 668 596 quatinus
695 518 884 593 ubicumque
905 517 1026 592 aliquos
1046 515 1099 575 uel
1122 515 1237 575 diuites
1250 512 1286 573 uel

356 637 506 695 pauperes
525 617 673 677 incedens
694 617 871 693 aspexisset,
888 614 1055 674 confestim
1071 614 1110 673 ad
1130 615 1190 674 hos
1208 613 1287 672 dinen

356 719 435 790 tens,
465 716 518 775 uel
545 715 584 775 ad
609 715 683 775 fidei
707 713 922 801 suscipiendae
946 716 1184 787 sacramentnm,
1208 713 1234 772 si
1255 712 1286 769 in·

356 814 464 874 fideles
478 817 590 890 essent,
607 813 778 888 inniteret3
800 812 851 871 uel
863 811 890 871 si
907 811 1022 885 fideles,
1040 811 1075 870 in
1091 813 1161 889 ipsa
1175 831 1226 870 eos
1240 810 1288 869 fide

356 913 550 987 confortaret,
572 907 577 991 1
595 913 688 988 atque
698 911 737 970 od
749 910 939 987 elimosynas
949 892 1140 986 operumque
1150 910 1288 969 bonorum
1298 925 1346 979 ιιςι

356 1011 595 1086 exsecutionem,
612 1013 645 1070 et
658 1009 763 1069 uerbis
777 1008 925 1068 excitaret
939 1011 970 1067 et
984 1008 1082 1069 laotia

399 1112 438 1171 In
458 1112 584 1170 tantum
605 1112 709 1169 autem
726 1108 793 1167 uita
810 1108 898 1167 illius
916 1127 935 1168 a
954 1107 1056 1166 nostri
1073 1106 1222 1184 temporis
1238 1125 1290 1182 seg

356 1209 434 1269 uitia
455 1208 597 1283 distabat,
615 1211 651 1268 ut
668 1227 784 1282 omnes,
803 1207 858 1282 qui
879 1226 951 1266 cum
969 1225 1005 1265 eo
1023 1206 1214 1280 incedebant,
1233 1205 1290 1264 siue

355 1307 486 1382 adtonsi,
501 1327 556 1366 seu
566 1307 644 1380 laici,
658 1306 802 1366 meditari
813 1305 969 1380 deberent,
982 1305 1084 1379 idest,
1097 1309 1153 1364 aut
1167 1303 1291 1381 legend's

355 1405 525 1483 seripturis,
545 1409 599 1465 aut
621 1404 751 1481 psslmis
770 1402 944 1464 discendis¹
963 1423 1089 1480 operam
1110 1405 1190 1463 dare
1231 1403 1292 1462 Hoc

354 1507 419 1564 erat
444 1504 633 1563 cotidianum
656 1521 736 1579 opus
763 1503 847 1562 illius
870 1507 902 1563 et
923 1503 1076 1574 omnium,
1100 1502 1243 1578 quicum
1260 1521 1292 1559 eo

354 1606 452 1676 erant,
482 1602 669 1678 ubicumque
692 1601 832 1661 locorum
857 1601 1064 1662 deuenissent
1108 1603 1152 1661 Et
1174 1601 1202 1660 ai
1223 1601 1292 1659 forte

333 1781 336 1788 ι
354 1702 509 1761 euenisset
519 1703 538 1776 ¹,
556 1703 638 1778 quod
653 1704 760 1760 tamen
779 1719 847 1760 raro
863 1701 978 1767 euenit,
993 1704 1030 1759 ut
1048 1701 1087 1760 ad
1105 1701 1187 1777 regis
1202 1698 1292 1758 cenni·

356 1799 443 1859 uium
459 1803 628 1876 uocaretur,
646 1799 783 1860 intrabat
799 1821 871 1860 cum
885 1820 950 1860 uno
966 1800 1076 1860 elerico
1093 1803 1150 1859 aut
1163 1799 1291 1870 duoboc;

355 1902 394 1970 et,
426 1899 479 1959 ubi
507 1899 671 1976 paululum
702 1899 903 1974 reficiebatur,
935 1899 1121 1960 adcelerauit
1153 1898 1235 1958 ocius
1257 1895 1289 1954 ad

356 1997 523 2072 legendum
544 2017 616 2057 cum
635 1998 708 2072 suis,
732 1998 799 2058 siue
820 1998 859 2057 ed
879 1998 1033 2057 orandum
1052 1997 1164 2074 egredi.
1207 1994 1291 2056 euius

356 2097 506 2173 exemplis
526 2097 688 2157 informati
708 2101 850 2174 temporo
873 2096 929 2157 illo
948 2096 1082 2173 religiosi
1107 2096 1221 2174 quique
1238 2093 1290 2153 uiri

355 2214 389 2253 ac
405 2195 540 2255 feminae
554 2196 814 2256 consuetudinem
830 2196 971 2256 fecerunt
984 2214 1039 2272 per
1052 2197 1155 2255 totum
1173 2212 1287 2261 annunt

354 2297 481 2371 excepta
509 2295 693 2354 remissione
717 2295 992 2372 quinquagesimae
1018 2293 1183 2370 paschalis,
1212 2291 1290 2353 1111·

353 2395 384 2451 et
407 2393 469 2452 Vl⁸
492 2393 610 2453 sabbati
627 2393 781 2454 ieiunium
797 2395 836 2454 ad
855 2413 972 2453 nonam
990 2413 1088 2469 usque
1106 2393 1214 2453 horam
1232 2410 1289 2467 pro

354 2491 457 2552 telare.
490 2493 671 2568 Numquam
682 2493 834 2553 diuitibus
844 2492 973 2552 honoris
983 2492 1050 2551 siue
1062 2492 1186 2551 timoris
1192 2490 1286 2568 grstia¹

352 2589 440 2666 siqua
459 2590 685 2667 delinquissent
694 2593 712 2666 ³,
730 2592 895 2664 reticebst3
915 2593 969 2651 sed
989 2611 1098 2667 aspera
1112 2591 1183 2652 illos
1200 2591 1289 2649 inuec-

353 2688 438 2748 tioue
451 2690 626 2766 corrigebat
671 2691 799 2750 Nullam
808 2691 987 2767 potentibus
999 2689 1115 2750 saeculi
1129 2689 1286 2767 pecuniam

353 2792 480 2864 excepta
501 2789 623 2848 solum*
644 2809 720 2861 esca,
739 2790 844 2866 siquos
864 2790 1000 2866 hospitio
1019 2790 1211 2866 suscepisset,
1232 2806 1288 2846 um·

352 2905 446 2962 quam
461 2888 533 2946 dare
546 2887 672 2960 solebat,
690 2890 745 2948 sed
764 2909 801 2948 ea
817 2889 930 2964 potius,
948 2908 1026 2964 quae
1042 2889 1104 2948 sibi
1119 2910 1138 2948 a
1151 2886 1288 2948 diuitibus

352 2984 477 3044 donaria
485 2986 686 3062 pecuniarum
698 2988 915 3064 largiebantur,
926 2987 978 3046 uel
987 2987 1023 3046 in
1031 3007 1108 3048 usus
1118 3005 1285 3064 pauperum,

353 3082 388 3137 ut
409 3079 555 3147 diximus,
576 3081 780 3159 dispergebat,
801 3083 852 3141 uel
873 3083 912 3142 ad
933 3083 1162 3142 redemtionem
1181 3099 1285 3150 eorum,

352 3177 407 3252 qui
440 3178 557 3238 iniuste
588 3180 712 3240 fuerant
747 3181 878 3243 uenditi.
907 3179 1114 3258 dispensabat.
1160 3180 1289 3256 Denique

352 3275 477 3342 multos,
509 3299 587 3354 quos
611 3280 712 3356 pretio
737 3282 810 3340 dato
834 3281 1014 3354 redemerat,
1042 3281 1198 3341 redemtos
1220 3282 1289 3356 post·

352 3375 482 3435 modum
508 3396 581 3437 suos
604 3378 772 3455 discipules
795 3380 876 3454 fecit,
903 3383 998 3456 atque
1017 3380 1056 3439 ad
1079 3378 1288 3439 sacerdotalem

354 3492 450 3548 usque
464 3476 595 3550 gradum
610 3478 780 3537 erudiendo
792 3482 887 3554 atque
901 3479 1095 3539 instituendo
1109 3480 1254 3556 prouexit

180 3583 306 3628 usuum
395 3570 532 3630 Fortun*
553 3579 667 3646 autem,
685 3577 767 3652 quiu⁴
788 3597 862 3636 cum
882 3579 921 3638 de
944 3577 1105 3653 prouincia
1125 3579 1287 3638 Scottorum

384 3733 449 3784 ‘Tu
459 3743 573 3795 ,nussia
586 3741 723 3790 «timendis
733 3750 813 3791 eninr
824 3751 848 3792 ιιι
861 3746 890 3793 C.
983 3745 1286 3794 ¹0t...euenrsaetm

352 3813 389 3864 (¹¹.
471 3817 767 3880 ’deliquentem
849 3823 1053 3872 ‘solummodo
1063 3823 1149 3874 c.13¹.
1227 3821 1286 3868 ‘stt

351 3899 417 3940 nutv
437 3899 457 3954 μ’
466 3895 496 3944 B.
508 3903 557 3944 mu
565 3915 601 3956 pn
609 3905 673 3957 terby
684 3904 712 3958 qr*
720 3903 747 3948 t‘.
760 3907 846 3957 (ΜΝ
857 3909 921 3950 tonte
932 3903 1053 3953 suerunt.
