2859 4334
139 269 201 319 ear.
214 262 287 328 xm]
442 253 557 320 (letitie
579 254 785 340 duplorum.
1028 252 1090 316 109

138 423 240 484 cedis¹
263 423 336 484 dare
359 423 439 484 uelis
463 424 500 500 ei,
529 423 612 502 siqui
636 425 687 500 sit,
711 425 837 504 quibis
861 428 893 486 te
916 423 1091 486 meroribus

137 522 288 596 absoluat,
306 525 337 582 et
354 521 515 584 &dualdo
531 523 667 600 suadeat,
684 528 721 584 ut
740 545 798 585 nec
817 524 882 602 ipse
899 525 958 584 tibi
971 523 1089 602 aliquid

139 621 217 682 mali
233 621 333 696 facim,
351 641 408 680 nec
429 622 493 682 tuis
511 625 544 682 te
563 621 706 683 hostibus
726 623 945 699 perimendum
966 623 1089 684 tradat’

138 720 199 796 Qui
213 740 287 780 cum
301 739 334 780 se
347 720 461 796 omnia,
479 740 557 797 quse
571 723 682 798 posset,
700 721 773 782 huic
787 721 845 781 tali
858 742 914 800 pro
928 722 1089 782 mercede¹

137 819 282 881 beneficii
292 821 439 881 daturum
447 839 514 880 esse
523 819 733 898 responderet,
746 820 859 881 adiecit
867 821 940 881 ille:
958 821 1088 897 ‘Quod'
1106 831 1234 902 hophsey

138 919 165 980 si
192 919 290 979 etiem
311 937 416 996 regern
444 921 476 978 te
503 917 665 978 futurum⁴
693 918 857 979 exstinctis
883 919 1027 980 hostibus
1054 920 1087 979 in
1104 891 1189 996 iffi,

137 1016 271 1079 ueritate
289 1017 459 1094 promittet,
477 1017 521 1076 ita
541 1019 577 1076 ut
598 1036 662 1077 non
683 1017 787 1077 solum
807 1037 918 1077 omnes
934 1020 1007 1078 tuos
1022 1039 1089 1095 pro·
1104 1013 1236 1066 ΝΜ

137 1116 302 1193 genitores,
329 1115 383 1174 sed
408 1117 439 1176 et
460 1133 577 1190 omnes,
604 1114 657 1191 qui
680 1118 755 1175 ente
775 1118 807 1176 te
831 1135 919 1194 reges
940 1117 975 1176 in
995 1121 1089 1194 gente

138 1213 318 1292 Anglorum
340 1213 472 1286 fuerant,
489 1216 642 1290 potestate
661 1215 905 1276 transcendas?
945 1216 991 1275 At
1004 1217 1087 1276 Aed-

138 1313 226 1374 uini⁶
251 1313 443 1373 constantior
464 1312 684 1390 interrogando
707 1312 816 1388 fectus,
841 1333 906 1373 non
930 1314 1088 1375 dubitauit

136 1411 327 1489 promittere,
355 1409 431 1488 quin
451 1410 489 1486 ei,
515 1414 570 1487 qui
590 1413 678 1471 tanta
699 1411 760 1471 sibi
778 1412 928 1472 beneficia
948 1414 1084 1488 donaret,

136 1511 243 1588 dignis
270 1510 337 1588 ipse
358 1509 529 1588 gratiarum
550 1509 727 1570 actionibus
753 1511 959 1588 responderet
1003 1513 1086 1573 Tum

136 1610 191 1670 ille
220 1610 332 1670 tertio:
371 1608 422 1670 ‘Si
448 1609 575 1684 autem,’
602 1609 715 1686 inquit,
750 1609 803 1684 ‘is,
831 1609 884 1686 qui
912 1611 972 1670 tibi
999 1614 1087 1672 tanta

136 1709 274 1786 talisque
296 1710 378 1770 dona
401 1707 553 1769 ueraciter
575 1708 750 1768 aduentum
768 1708 963 1784 praedixerit,
991 1710 1085 1770 etiam

136 1807 305 1868 consilium
319 1807 377 1868 tibi
386 1810 458 1868 tuse
473 1806 582 1867 salutis
596 1806 727 1866 acuitas
736 1807 851 1866 melius
861 1809 953 1884 atque
963 1809 1082 1882 utilius,

137 1925 231 1984 quem
246 1905 359 1983 aliquis
372 1907 411 1966 de
425 1905 490 1966 tuis
506 1906 688 1983 parentibus
703 1908 759 1965 aut
777 1906 916 1982 cognatis
934 1927 1085 1984 umquam

135 2005 268 2080 audiuit,
294 2004 455 2064 ostendere
482 2003 627 2082 potuerit,
653 2023 732 2064 num
756 2005 786 2064 ei
808 2004 1029 2081 obtemperare,
1053 2011 1085 2067 et

136 2103 258 2162 monita
276 2103 343 2164 eius
359 2102 506 2163 salutaria
526 2102 682 2179 suscipere
701 2102 903 2164 consentis?⁸
944 2103 1009 2166 Nec
1027 2104 1086 2165 dis·

135 2201 211 2262 tulit
231 2201 386 2278 AEduini⁶,
405 2201 481 2278 quin
502 2200 651 2261 continuo
669 2201 867 2278 polliceretur
885 2201 919 2260 in
938 2202 1085 2264 omnibus

134 2319 169 2360 se
191 2304 372 2360 secuturum
395 2299 569 2360 doctrinam
597 2299 691 2376 illius,
718 2301 773 2378 qui
794 2321 828 2361 se
851 2303 899 2361 tot
925 2321 960 2361 ec
987 2299 1084 2362 tantis

133 2397 364 2458 calsmitatibus
387 2402 538 2477 ereptum,
565 2399 604 2459 ad
631 2401 720 2477 regni
746 2401 864 2478 apicem
891 2400 1080 2477 proueheret.
1143 2424 1150 2439 ¹

134 2495 205 2572 Quo
233 2499 366 2574 accepto.
380 2517 535 2574 responso,
563 2499 728 2558 confestim
755 2499 791 2574 is,
818 2498 873 2576 qui
900 2499 1085 2576 loquebatur

132 2617 207 2657 cum
229 2617 274 2672 eo,
300 2596 438 2674 inposuit
461 2597 620 2657 dexteram
644 2617 734 2658 suam
755 2597 848 2674 capiti
869 2597 936 2657 eius
959 2597 1084 2658 dicens:

135 2695 236 2756 ‘Oum
251 2695 309 2754 hoc
324 2715 397 2773 erge
410 2695 468 2756 tibi
482 2696 608 2774 signum
625 2697 797 2771 aduenerit,
815 2699 975 2757 memento
990 2697 1085 2756 huius

132 2793 287 2870 temporis
312 2813 347 2852 ac
371 2793 524 2871 loquellas
545 2797 679 2866 nostrae,
697 2799 730 2856 et
750 2815 794 2869 es,
816 2814 894 2872 quae
914 2814 999 2854 nunc
1019 2815 1085 2871 pro·

132 2892 245 2966 mittis,
262 2891 432 2970 adimplere
445 2913 485 2953 ne
499 2892 643 2954 differas'
684 2895 727 2954 Et
740 2894 792 2954 his
805 2893 905 2966 dictis,
919 2896 956 2953 ut
967 2893 1080 2966 ferunt,

129 2993 263 3070 repente
283 2989 441 3068 disparuit,
465 2994 501 3050 ut
522 2989 718 3068 intellegeret
738 3013 803 3053 non
821 2992 983 3052 hominem
1005 3013 1080 3067 esse,

129 3089 188 3169 qui
202 3089 263 3150 sibi
277 3089 475 3166 apparuisset,
493 3089 547 3148 sed
561 3090 715 3166 spiritum.

174 3187 307 3248 Etcum
326 3187 429 3264 regius
445 3187 571 3248 iuuenis
588 3189 673 3248 solus
693 3189 795 3250 adhuc
814 3189 932 3250 ibidem
951 3192 1080 3264 sederet,

128 3287 261 3367 gauisus
274 3285 401 3363 quidem
420 3286 459 3346 de
479 3287 601 3372 conlata
615 3287 675 3346 sibi
695 3287 912 3367 consolatione,
929 3292 984 3350 sed
1001 3291 1083 3350 mul·

128 3392 202 3448 tum
225 3385 384 3460 sollicitus,
408 3405 442 3445 ac
463 3388 569 3446 mente
589 3385 697 3446 sedula
721 3387 867 3464 cogitans,
892 3390 982 3467 quis⁷
1002 3393 1084 3450 esset

128 3487 196 3563 ille,
219 3485 272 3546 uel
291 3485 375 3546 unde
395 3485 525 3560 ueniret,
547 3483 602 3562 qui
622 3486 696 3546 hece
717 3486 777 3546 sibi
793 3487 976 3565 loqueretur,
994 3489 1083 3549 uenit

127 3585 170 3648 sd
186 3603 259 3645 eum
274 3583 429 3662 praelatus
442 3584 561 3645 amicus
575 3583 669 3660 illiue,
683 3585 826 3662 laetoque
836 3587 928 3648 uultu
943 3588 1084 3648 salutans

165 3761 486 3824 ¹mcrclsll;mercidis
498 3761 538 3812 13¹.
650 3761 842 3814 ’mercidellt
942 3763 1082 3828 ’quidet

125 3841 378 3976 {tmuium
381 3841 413 3944 ΙΒ
474 3842 523 3890 ιυ.
536 3841 626 3902 uote³,
637 3855 663 3904 p.
678 3845 733 3893 108.
792 3841 914 3892 'eduini
926 3841 977 3903 13¹,
994 3859 1040 3892 -ue
1052 3845 1080 3894 C.
