<?xml version="1.0" encoding="UTF-8"?>
<!DOCTYPE html PUBLIC "-//W3C//DTD XHTML 1.0 Transitional//EN"
    "http://www.w3.org/TR/xhtml1/DTD/xhtml1-transitional.dtd">
<html xmlns="http://www.w3.org/1999/xhtml" xml:lang="en" lang="en">
 <head>
  <title>
</title>
<meta http-equiv="Content-Type" content="text/html;charset=utf-8" />
  <meta name='ocr-system' content='tesseract 3.04.00' />
  <meta name='ocr-capabilities' content='ocr_page ocr_carea ocr_par ocr_line ocrx_word'/>
</head>
<body>
  <div class='ocr_page' id='page_1' title='image "./venerabilisbaed03plumgoog_0338.png"; bbox 0 0 2859 4334; ppageno 0'>
   <div class='ocr_carea' id='block_1_1' title="bbox 367 204 1378 914">
    <p class='ocr_par' dir='ltr' id='par_1_1' title="bbox 367 204 1378 1201">
     <span class='ocr_line' id='line_1_1' title="bbox 1377 204 1378 249; baseline 0 0"><span class='ocrx_word' id='word_1_1' title='bbox 1377 204 1378 249; x_wconf 78' lang='lat' dir='ltr'><strong>l</strong></span> 
     </span>
     <span class='ocr_line' id='line_1_2' title="bbox 368 254 1378 337; baseline -0.022 0"><span class='ocrx_word' id='word_1_2' title='bbox 368 273 431 337; x_wconf 79' lang='lat'><strong>146</strong></span> <span class='ocrx_word' id='word_1_3' title='bbox 1377 254 1378 261; x_wconf 72' lang='grc'>’</span> 
     </span>
     <span class='ocr_line' id='line_1_3' title="bbox 1377 366 1378 417; baseline 0 0"><span class='ocrx_word' id='word_1_4' title='bbox 1377 366 1378 417; x_wconf 78' lang='lat' dir='ltr'><strong>l</strong></span> 
     </span>
     <span class='ocr_line' id='line_1_4' title="bbox 367 427 1378 523; baseline -0.024 -16"><span class='ocrx_word' id='word_1_5' title='bbox 367 447 485 521; x_wconf 89' lang='lat' dir='ltr'><strong>horam,</strong></span> <span class='ocrx_word' id='word_1_6' title='bbox 505 466 567 523; x_wconf 92' lang='lat' dir='ltr'><strong>qua</strong></span> <span class='ocrx_word' id='word_1_7' title='bbox 587 448 641 504; x_wconf 89' lang='lat' dir='ltr'><strong>aut</strong></span> <span class='ocrx_word' id='word_1_8' title='bbox 662 442 861 503; x_wconf 89' lang='lat' dir='ltr'><strong>melioratum</strong></span> <span class='ocrx_word' id='word_1_9' title='bbox 884 438 1032 515; x_wconf 88' lang='lat' dir='ltr'><strong>reciperet</strong></span> <span class='ocrx_word' id='word_1_10' title='bbox 1051 433 1238 502; x_wconf 87' lang='lat' dir='ltr'><strong>iumentum,</strong></span> <span class='ocrx_word' id='word_1_11' title='bbox 1256 427 1301 485; x_wconf 82' lang='lat' dir='ltr'><strong>aut</strong></span> <span class='ocrx_word' id='word_1_12' title='bbox 1377 478 1378 509; x_wconf 64' lang='lat'><strong>,</strong></span> 
     </span>
     <span class='ocr_line' id='line_1_5' title="bbox 369 526 1378 622; baseline -0.023 -17"><span class='ocrx_word' id='word_1_13' title='bbox 369 545 557 622; x_wconf 87' lang='lat' dir='ltr'><strong>relinqueret</strong></span> <span class='ocrx_word' id='word_1_14' title='bbox 584 546 754 603; x_wconf 88' lang='lat' dir='ltr'><strong>mortuum.</strong></span> <span class='ocrx_word' id='word_1_15' title='bbox 807 540 852 600; x_wconf 80' lang='lat' dir='ltr'><strong>At</strong></span> <span class='ocrx_word' id='word_1_16' title='bbox 879 538 984 616; x_wconf 85' lang='lat' dir='ltr'><strong>ipsum</strong></span> <span class='ocrx_word' id='word_1_17' title='bbox 1012 534 1065 595; x_wconf 92' lang='lat' dir='ltr'><strong>diu</strong></span> <span class='ocrx_word' id='word_1_18' title='bbox 1094 528 1185 610; x_wconf 81' lang='lat' dir='ltr'><strong>graui</strong></span> <span class='ocrx_word' id='word_1_19' title='bbox 1210 526 1301 587; x_wconf 81' lang='lat' dir='ltr'><strong>dolore</strong></span> <span class='ocrx_word' id='word_1_20' title='bbox 1377 530 1378 565; x_wconf 70' lang='lat' dir='ltr'><strong>l</strong></span> 
     </span>
     <span class='ocr_line' id='line_1_6' title="bbox 369 626 1358 716; baseline -0.022 -14"><span class='ocrx_word' id='word_1_21' title='bbox 369 647 524 716; x_wconf 82' lang='lat' dir='ltr'><strong>uexatum,</strong></span> <span class='ocrx_word' id='word_1_22' title='bbox 537 663 607 702; x_wconf 94' lang='lat' dir='ltr'><strong>cum</strong></span> <span class='ocrx_word' id='word_1_23' title='bbox 620 641 759 701; x_wconf 85' lang='lat' dir='ltr'><strong>diuersas</strong></span> <span class='ocrx_word' id='word_1_24' title='bbox 772 639 806 698; x_wconf 90' lang='lat' dir='ltr'><strong>in</strong></span> <span class='ocrx_word' id='word_1_25' title='bbox 820 641 923 716; x_wconf 87' lang='lat' dir='ltr'><strong>partes</strong></span> <span class='ocrx_word' id='word_1_26' title='bbox 936 655 970 695; x_wconf 85' lang='lat' dir='ltr'><strong>se</strong></span> <span class='ocrx_word' id='word_1_27' title='bbox 981 632 1147 709; x_wconf 86' lang='lat' dir='ltr'><strong>torqueret,</strong></span> <span class='ocrx_word' id='word_1_28' title='bbox 1168 627 1173 706; x_wconf 89' lang='grc' dir='ltr'>Ι</span> <span class='ocrx_word' id='word_1_29' title='bbox 1192 626 1302 702; x_wconf 85' lang='lat' dir='ltr'><strong>repente</strong></span> <span class='ocrx_word' id='word_1_30' title='bbox 1313 629 1358 681; x_wconf 64' lang='lat' dir='ltr'><strong>iso</strong></span> 
     </span>
     <span class='ocr_line' id='line_1_7' title="bbox 368 722 1378 815; baseline -0.022 -14"><span class='ocrx_word' id='word_1_31' title='bbox 368 742 539 802; x_wconf 86' lang='lat' dir='ltr'><strong>uolutando</strong></span> <span class='ocrx_word' id='word_1_32' title='bbox 560 739 687 800; x_wconf 86' lang='lat' dir='ltr'><strong>deuenit</strong></span> <span class='ocrx_word' id='word_1_33' title='bbox 708 739 743 798; x_wconf 92' lang='lat' dir='ltr'><strong>in</strong></span> <span class='ocrx_word' id='word_1_34' title='bbox 763 738 844 797; x_wconf 93' lang='lat' dir='ltr'><strong>illud</strong></span> <span class='ocrx_word' id='word_1_35' title='bbox 865 734 934 806; x_wconf 88' lang='lat' dir='ltr'><strong>loci,</strong></span> <span class='ocrx_word' id='word_1_36' title='bbox 956 732 1010 793; x_wconf 94' lang='lat' dir='ltr'><strong>ubi</strong></span> <span class='ocrx_word' id='word_1_37' title='bbox 1030 749 1087 790; x_wconf 86' lang='lat' dir='ltr'><strong>rex</strong></span> <span class='ocrx_word' id='word_1_38' title='bbox 1106 722 1303 787; x_wconf 82' lang='lat' dir='ltr'><strong>memorabilis</strong></span> <span class='ocrx_word' id='word_1_39' title='bbox 1377 770 1378 815; x_wconf 59' lang='lat'><strong>,</strong></span> 
     </span>
     <span class='ocr_line' id='line_1_8' title="bbox 369 819 1303 914; baseline -0.021 -15"><span class='ocrx_word' id='word_1_40' title='bbox 369 839 520 900; x_wconf 88' lang='lat' dir='ltr'><strong>occubuit.</strong></span> <span class='ocrx_word' id='word_1_41' title='bbox 566 838 630 897; x_wconf 84' lang='lat' dir='ltr'><strong>Nec</strong></span> <span class='ocrx_word' id='word_1_42' title='bbox 658 855 753 911; x_wconf 89' lang='lat' dir='ltr'><strong>mora,</strong></span> <span class='ocrx_word' id='word_1_43' title='bbox 778 835 958 914; x_wconf 79' lang='lat' dir='ltr'>quiescente</span> <span class='ocrx_word' id='word_1_44' title='bbox 981 829 1087 890; x_wconf 91' lang='lat' dir='ltr'><strong>dolore</strong></span> <span class='ocrx_word' id='word_1_45' title='bbox 1116 823 1249 886; x_wconf 73' lang='lat' dir='ltr'><strong>cessabat</strong></span> <span class='ocrx_word' id='word_1_46' title='bbox 1270 819 1303 880; x_wconf 91' lang='lat' dir='ltr'><strong>ab</strong></span> 
     </span>
    </p>
   </div>
   <div class='ocr_carea' id='block_1_2' title="bbox 370 927 1378 2780">
    <p class='ocr_par' dir='ltr' id='par_1_2' title="bbox 370 927 1306 1309">
     <span class='ocr_line' id='line_1_9' title="bbox 370 927 1302 1006; baseline -0.021 -8"><span class='ocrx_word' id='word_1_47' title='bbox 370 937 490 997; x_wconf 89' lang='lat' dir='ltr'><strong>insanis</strong></span> <span class='ocrx_word' id='word_1_48' title='bbox 516 936 729 996; x_wconf 89' lang='lat' dir='ltr'><strong>membrorum</strong></span> <span class='ocrx_word' id='word_1_49' title='bbox 757 933 903 1006; x_wconf 90' lang='lat' dir='ltr'><strong>motibus,</strong></span> <span class='ocrx_word' id='word_1_50' title='bbox 931 934 963 990; x_wconf 87' lang='lat' dir='ltr'><strong>et</strong></span> <span class='ocrx_word' id='word_1_51' title='bbox 990 927 1141 989; x_wconf 87' lang='lat' dir='ltr'><strong>consueto</strong></span> <span class='ocrx_word' id='word_1_52' title='bbox 1168 937 1302 999; x_wconf 86' lang='lat' dir='ltr'><strong>equorum</strong></span> 
     </span>
     <span class='ocr_line' id='line_1_10' title="bbox 370 1017 1305 1112; baseline -0.02 -17"><span class='ocrx_word' id='word_1_53' title='bbox 370 1055 465 1109; x_wconf 90' lang='lat' dir='ltr'><strong>more,</strong></span> <span class='ocrx_word' id='word_1_54' title='bbox 483 1035 571 1111; x_wconf 89' lang='lat' dir='ltr'><strong>quasi</strong></span> <span class='ocrx_word' id='word_1_55' title='bbox 588 1037 660 1112; x_wconf 87' lang='lat' dir='ltr'><strong>post</strong></span> <span class='ocrx_word' id='word_1_56' title='bbox 678 1033 896 1094; x_wconf 79' lang='lat' dir='ltr'><strong>lassitudinem</strong></span> <span class='ocrx_word' id='word_1_57' title='bbox 914 1030 949 1089; x_wconf 90' lang='lat' dir='ltr'><strong>in</strong></span> <span class='ocrx_word' id='word_1_58' title='bbox 963 1028 1123 1089; x_wconf 91' lang='lat' dir='ltr'><strong>diuersum</strong></span> <span class='ocrx_word' id='word_1_59' title='bbox 1137 1022 1219 1082; x_wconf 86' lang='lat' dir='ltr'><strong>latua</strong></span> <span class='ocrx_word' id='word_1_60' title='bbox 1231 1017 1305 1078; x_wconf 79' lang='lat' dir='ltr'><strong>uicis</strong></span> 
     </span>
     <span class='ocr_line' id='line_1_11' title="bbox 372 1121 1306 1207; baseline -0.017 -15"><span class='ocrx_word' id='word_1_61' title='bbox 372 1134 432 1192; x_wconf 90' lang='lat' dir='ltr'><strong>sim</strong></span> <span class='ocrx_word' id='word_1_62' title='bbox 455 1153 521 1192; x_wconf 85' lang='lat' dir='ltr'><strong>sese</strong></span> <span class='ocrx_word' id='word_1_63' title='bbox 544 1132 677 1206; x_wconf 92' lang='lat' dir='ltr'><strong>uoluere,</strong></span> <span class='ocrx_word' id='word_1_64' title='bbox 705 1132 874 1207; x_wconf 85' lang='lat' dir='ltr'><strong>statimque</strong></span> <span class='ocrx_word' id='word_1_65' title='bbox 901 1143 1071 1203; x_wconf 81' lang='lat' dir='ltr'><strong>exsurgens</strong></span> <span class='ocrx_word' id='word_1_66' title='bbox 1094 1121 1183 1198; x_wconf 92' lang='lat' dir='ltr'><strong>quasi</strong></span> <span class='ocrx_word' id='word_1_67' title='bbox 1209 1134 1306 1179; x_wconf 85' lang='lat' dir='ltr'><strong>sanum</strong></span> 
     </span>
     <span class='ocr_line' id='line_1_12' title="bbox 373 1216 1268 1309; baseline -0.017 -19"><span class='ocrx_word' id='word_1_68' title='bbox 373 1251 429 1309; x_wconf 89' lang='lat' dir='ltr'><strong>per</strong></span> <span class='ocrx_word' id='word_1_69' title='bbox 443 1229 557 1306; x_wconf 79' lang='lat' dir='ltr'><strong>omnis,</strong></span> <span class='ocrx_word' id='word_1_70' title='bbox 575 1231 690 1290; x_wconf 87' lang='lat' dir='ltr'><strong>uirecta</strong></span> <span class='ocrx_word' id='word_1_71' title='bbox 703 1229 874 1289; x_wconf 89' lang='lat' dir='ltr'><strong>herbarum</strong></span> <span class='ocrx_word' id='word_1_72' title='bbox 888 1225 1013 1286; x_wconf 91' lang='lat' dir='ltr'><strong>auidius</strong></span> <span class='ocrx_word' id='word_1_73' title='bbox 1026 1241 1151 1298; x_wconf 85' lang='lat' dir='ltr'><strong>carpere</strong></span> <span class='ocrx_word' id='word_1_74' title='bbox 1163 1216 1268 1294; x_wconf 85' lang='lat' dir='ltr'><strong>coepit</strong></span> 
     </span>
    </p>

    <p class='ocr_par' dir='ltr' id='par_1_3' title="bbox 373 1310 1378 2905">
     <span class='ocr_line' id='line_1_13' title="bbox 383 1310 1308 1403; baseline -0.021 -13"><span class='ocrx_word' id='word_1_75' title='bbox 383 1371 386 1378; x_wconf 86' lang='lat'>·</span> <span class='ocrx_word' id='word_1_76' title='bbox 415 1329 483 1403; x_wconf 82' lang='lat' dir='ltr'><strong>Quo</strong></span> <span class='ocrx_word' id='word_1_77' title='bbox 498 1329 552 1389; x_wconf 94' lang='lat' dir='ltr'><strong>ille</strong></span> <span class='ocrx_word' id='word_1_78' title='bbox 565 1329 643 1402; x_wconf 93' lang='lat' dir='ltr'><strong>uiso,</strong></span> <span class='ocrx_word' id='word_1_79' title='bbox 655 1331 689 1387; x_wconf 86' lang='lat' dir='ltr'><strong>ut</strong></span> <span class='ocrx_word' id='word_1_80' title='bbox 704 1328 754 1387; x_wconf 86' lang='lat' dir='ltr'><strong>uir</strong></span> <span class='ocrx_word' id='word_1_81' title='bbox 767 1326 884 1402; x_wconf 80' lang='lat' dir='ltr'><strong>sagacis</strong></span> <span class='ocrx_word' id='word_1_82' title='bbox 898 1322 1025 1400; x_wconf 85' lang='lat' dir='ltr'><strong>ingenii,</strong></span> <span class='ocrx_word' id='word_1_83' title='bbox 1037 1317 1195 1380; x_wconf 76' lang='lat' dir='ltr'><strong>intellexit</strong></span> <span class='ocrx_word' id='word_1_84' title='bbox 1205 1310 1308 1390; x_wconf 86' lang='lat' dir='ltr'><strong>aliquid</strong></span> 
     </span>
     <span class='ocr_line' id='line_1_14' title="bbox 374 1416 1306 1500; baseline -0.016 -13"><span class='ocrx_word' id='word_1_85' title='bbox 374 1427 470 1486; x_wconf 86' lang='lat' dir='ltr'><strong>mirae</strong></span> <span class='ocrx_word' id='word_1_86' title='bbox 499 1427 673 1486; x_wconf 86' lang='lat' dir='ltr'><strong>sanctitatis</strong></span> <span class='ocrx_word' id='word_1_87' title='bbox 699 1425 773 1485; x_wconf 91' lang='lat' dir='ltr'><strong>huic</strong></span> <span class='ocrx_word' id='word_1_88' title='bbox 800 1425 876 1498; x_wconf 91' lang='lat' dir='ltr'><strong>loco,</strong></span> <span class='ocrx_word' id='word_1_89' title='bbox 901 1441 964 1500; x_wconf 90' lang='lat' dir='ltr'><strong>quo</strong></span> <span class='ocrx_word' id='word_1_90' title='bbox 988 1439 1088 1497; x_wconf 91' lang='lat' dir='ltr'><strong>equus</strong></span> <span class='ocrx_word' id='word_1_91' title='bbox 1112 1421 1162 1476; x_wconf 88' lang='lat' dir='ltr'><strong>est</strong></span> <span class='ocrx_word' id='word_1_92' title='bbox 1188 1416 1306 1480; x_wconf 79' lang='lat' dir='ltr'><strong>curatus,</strong></span> 
     </span>
     <span class='ocr_line' id='line_1_15' title="bbox 373 1508 1310 1602; baseline -0.016 -18"><span class='ocrx_word' id='word_1_93' title='bbox 373 1525 494 1600; x_wconf 88' lang='lat' dir='ltr'><strong>inesse;</strong></span> <span class='ocrx_word' id='word_1_94' title='bbox 522 1529 554 1585; x_wconf 88' lang='lat' dir='ltr'><strong>et</strong></span> <span class='ocrx_word' id='word_1_95' title='bbox 574 1524 676 1602; x_wconf 91' lang='lat' dir='ltr'><strong>posito</strong></span> <span class='ocrx_word' id='word_1_96' title='bbox 697 1524 741 1583; x_wconf 89' lang='lat' dir='ltr'><strong>ibi</strong></span> <span class='ocrx_word' id='word_1_97' title='bbox 763 1523 861 1600; x_wconf 80' lang='lat' dir='ltr'><strong>signo,</strong></span> <span class='ocrx_word' id='word_1_98' title='bbox 885 1540 951 1580; x_wconf 90' lang='lat' dir='ltr'><strong>non</strong></span> <span class='ocrx_word' id='word_1_99' title='bbox 971 1518 1073 1578; x_wconf 91' lang='lat' dir='ltr'><strong>multo</strong></span> <span class='ocrx_word' id='word_1_100' title='bbox 1093 1518 1167 1592; x_wconf 81' lang='lat' dir='ltr'><strong>post</strong></span> <span class='ocrx_word' id='word_1_101' title='bbox 1187 1508 1310 1573; x_wconf 86' lang='lat' dir='ltr'><strong>ascendit</strong></span> 
     </span>
     <span class='ocr_line' id='line_1_16' title="bbox 375 1607 1378 1705; baseline -0.017 -22"><span class='ocrx_word' id='word_1_102' title='bbox 375 1644 499 1700; x_wconf 90' lang='lat' dir='ltr'><strong>equum,</strong></span> <span class='ocrx_word' id='word_1_103' title='bbox 517 1626 612 1700; x_wconf 88' lang='lat' dir='ltr'><strong>atque</strong></span> <span class='ocrx_word' id='word_1_104' title='bbox 626 1623 663 1681; x_wconf 88' lang='lat' dir='ltr'><strong>ad</strong></span> <span class='ocrx_word' id='word_1_105' title='bbox 678 1621 858 1698; x_wconf 75' lang='lat' dir='ltr'><strong>hospitium,</strong></span> <span class='ocrx_word' id='word_1_106' title='bbox 877 1639 939 1696; x_wconf 91' lang='lat' dir='ltr'><strong>quo</strong></span> <span class='ocrx_word' id='word_1_107' title='bbox 953 1617 1164 1694; x_wconf 84' lang='lat' dir='ltr'><strong>proposuerat,</strong></span> <span class='ocrx_word' id='word_1_108' title='bbox 1181 1607 1310 1677; x_wconf 72' lang='lat' dir='ltr'><strong>scoemit3</strong></span> <span class='ocrx_word' id='word_1_109' title='bbox 1377 1686 1378 1705; x_wconf 13' lang='grc' dir='ltr'><strong>Χ</strong></span> 
     </span>
     <span class='ocr_line' id='line_1_17' title="bbox 374 1705 1378 1799; baseline -0.018 -17"><span class='ocrx_word' id='word_1_110' title='bbox 374 1742 436 1799; x_wconf 92' lang='lat' dir='ltr'><strong>quo</strong></span> <span class='ocrx_word' id='word_1_111' title='bbox 451 1722 528 1781; x_wconf 92' lang='lat' dir='ltr'><strong>dum</strong></span> <span class='ocrx_word' id='word_1_112' title='bbox 542 1721 710 1793; x_wconf 81' lang='lat' dir='ltr'><strong>adueniret,</strong></span> <span class='ocrx_word' id='word_1_113' title='bbox 731 1718 853 1779; x_wconf 89' lang='lat' dir='ltr'><strong>inuenit</strong></span> <span class='ocrx_word' id='word_1_114' title='bbox 870 1716 1010 1794; x_wconf 91' lang='lat' dir='ltr'><strong>puellam</strong></span> <span class='ocrx_word' id='word_1_115' title='bbox 1026 1713 1072 1772; x_wconf 90' lang='lat' dir='ltr'><strong>ibi</strong></span> <span class='ocrx_word' id='word_1_116' title='bbox 1084 1714 1216 1790; x_wconf 88' lang='lat' dir='ltr'><strong>neptem</strong></span> <span class='ocrx_word' id='word_1_117' title='bbox 1228 1705 1311 1785; x_wconf 74' lang='lat' dir='ltr'><strong>patris</strong></span> <span class='ocrx_word' id='word_1_118' title='bbox 1377 1742 1378 1745; x_wconf 60' lang='lat'><em>=</em></span> 
     </span>
     <span class='ocr_line' id='line_1_18' title="bbox 375 1809 1311 1896; baseline -0.017 -17"><span class='ocrx_word' id='word_1_119' title='bbox 375 1820 510 1880; x_wconf 79' lang='lat' dir='ltr'><strong>familias</strong></span> <span class='ocrx_word' id='word_1_120' title='bbox 536 1818 630 1896; x_wconf 86' lang='lat' dir='ltr'><strong>longo</strong></span> <span class='ocrx_word' id='word_1_121' title='bbox 657 1817 808 1895; x_wconf 74' lang='lat' dir='ltr'><strong>paralysis</strong></span> <span class='ocrx_word' id='word_1_122' title='bbox 837 1815 947 1876; x_wconf 90' lang='lat' dir='ltr'><strong>morbo</strong></span> <span class='ocrx_word' id='word_1_123' title='bbox 981 1814 1164 1890; x_wconf 65' lang='lat' dir='ltr'><strong>granatam</strong></span> <span class='ocrx_word' id='word_1_124' title='bbox 1196 1809 1228 1865; x_wconf 89' lang='lat' dir='ltr'><strong>et</strong></span> <span class='ocrx_word' id='word_1_125' title='bbox 1252 1822 1311 1864; x_wconf 86' lang='lat' dir='ltr'><strong>cum</strong></span> 
     </span>
     <span class='ocr_line' id='line_1_19' title="bbox 377 1903 1312 1988; baseline -0.017 -10"><span class='ocrx_word' id='word_1_126' title='bbox 377 1919 544 1978; x_wconf 86' lang='lat' dir='ltr'><strong>familiares</strong></span> <span class='ocrx_word' id='word_1_127' title='bbox 562 1920 676 1978; x_wconf 90' lang='lat' dir='ltr'><strong>domus</strong></span> <span class='ocrx_word' id='word_1_128' title='bbox 697 1917 783 1976; x_wconf 90' lang='lat' dir='ltr'><strong>illius</strong></span> <span class='ocrx_word' id='word_1_129' title='bbox 802 1916 841 1975; x_wconf 90' lang='lat' dir='ltr'><strong>de</strong></span> <span class='ocrx_word' id='word_1_130' title='bbox 861 1910 987 1974; x_wconf 84' lang='lat' dir='ltr'><strong>acerba¹</strong></span> <span class='ocrx_word' id='word_1_131' title='bbox 1001 1909 1124 1988; x_wconf 86' lang='lat' dir='ltr'><strong>puellae</strong></span> <span class='ocrx_word' id='word_1_132' title='bbox 1144 1903 1312 1967; x_wconf 75' lang='lat' dir='ltr'><strong>infimitate</strong></span> 
     </span>
     <span class='ocr_line' id='line_1_20' title="bbox 377 2001 1378 2097; baseline -0.018 -21"><span class='ocrx_word' id='word_1_133' title='bbox 377 2017 444 2094; x_wconf 90' lang='lat' dir='ltr'><strong>ipso</strong></span> <span class='ocrx_word' id='word_1_134' title='bbox 464 2019 627 2093; x_wconf 86' lang='lat' dir='ltr'><strong>praesente</strong></span> <span class='ocrx_word' id='word_1_135' title='bbox 647 2017 860 2092; x_wconf 88' lang='lat' dir='ltr'><strong>quererentur,</strong></span> <span class='ocrx_word' id='word_1_136' title='bbox 878 2010 980 2087; x_wconf 90' lang='lat' dir='ltr'><strong>coepit</strong></span> <span class='ocrx_word' id='word_1_137' title='bbox 999 2009 1099 2069; x_wconf 88' lang='lat' dir='ltr'><strong>dicere</strong></span> <span class='ocrx_word' id='word_1_138' title='bbox 1119 2005 1175 2065; x_wconf 88' lang='lat' dir='ltr'><strong>ille</strong></span> <span class='ocrx_word' id='word_1_139' title='bbox 1191 2005 1228 2063; x_wconf 92' lang='lat' dir='ltr'><strong>de</strong></span> <span class='ocrx_word' id='word_1_140' title='bbox 1242 2001 1310 2070; x_wconf 78' lang='lat' dir='ltr'><strong>loeo,</strong></span> <span class='ocrx_word' id='word_1_141' title='bbox 1377 2020 1378 2097; x_wconf 55' lang='lat' dir='ltr'><strong>p</strong></span> 
     </span>
     <span class='ocr_line' id='line_1_21' title="bbox 376 2101 1313 2184; baseline -0.016 -9"><span class='ocrx_word' id='word_1_142' title='bbox 376 2115 431 2175; x_wconf 93' lang='lat' dir='ltr'><strong>ubi</strong></span> <span class='ocrx_word' id='word_1_143' title='bbox 454 2115 590 2174; x_wconf 85' lang='lat' dir='ltr'><strong>caballus</strong></span> <span class='ocrx_word' id='word_1_144' title='bbox 613 2133 689 2173; x_wconf 90' lang='lat' dir='ltr'><strong>suus</strong></span> <span class='ocrx_word' id='word_1_145' title='bbox 711 2115 792 2173; x_wconf 83' lang='lat' dir='ltr'><strong>esset</strong></span> <span class='ocrx_word' id='word_1_146' title='bbox 813 2113 946 2171; x_wconf 81' lang='lat' dir='ltr'><strong>curatus</strong></span> <span class='ocrx_word' id='word_1_147' title='bbox 992 2107 1074 2184; x_wconf 79' lang='lat' dir='ltr'><strong>Quid</strong></span> <span class='ocrx_word' id='word_1_148' title='bbox 1095 2105 1224 2165; x_wconf 82' lang='lat' dir='ltr'><strong>multa?</strong></span> <span class='ocrx_word' id='word_1_149' title='bbox 1242 2101 1313 2174; x_wconf 75' lang='lat' dir='ltr'><strong>inpo</strong></span> 
     </span>
     <span class='ocr_line' id='line_1_22' title="bbox 376 2203 1312 2285; baseline -0.021 -12"><span class='ocrx_word' id='word_1_150' title='bbox 376 2216 490 2274; x_wconf 89' lang='lat' dir='ltr'><strong>nentes</strong></span> <span class='ocrx_word' id='word_1_151' title='bbox 520 2234 588 2273; x_wconf 83' lang='lat' dir='ltr'><strong>eam</strong></span> <span class='ocrx_word' id='word_1_152' title='bbox 617 2233 711 2285; x_wconf 86' lang='lat' dir='ltr'><strong>carro,</strong></span> <span class='ocrx_word' id='word_1_153' title='bbox 744 2212 899 2271; x_wconf 81' lang='lat' dir='ltr'><strong>duxerunt</strong></span> <span class='ocrx_word' id='word_1_154' title='bbox 927 2208 966 2268; x_wconf 93' lang='lat' dir='ltr'><strong>ad</strong></span> <span class='ocrx_word' id='word_1_155' title='bbox 1001 2207 1117 2279; x_wconf 88' lang='lat' dir='ltr'><strong>locum,</strong></span> <span class='ocrx_word' id='word_1_156' title='bbox 1148 2203 1312 2274; x_wconf 89' lang='lat' dir='ltr'><strong>ibidemque</strong></span> 
     </span>
     <span class='ocr_line' id='line_1_23' title="bbox 377 2282 1378 2388; baseline -0.017 -16"><span class='ocrx_word' id='word_1_157' title='bbox 377 2313 594 2388; x_wconf 86' lang='lat' dir='ltr'><strong>deposuerunt.</strong></span> <span class='ocrx_word' id='word_1_158' title='bbox 641 2313 686 2370; x_wconf 89' lang='lat' dir='ltr'><strong>At</strong></span> <span class='ocrx_word' id='word_1_159' title='bbox 707 2310 762 2369; x_wconf 87' lang='lat' dir='ltr'><strong>illa</strong></span> <span class='ocrx_word' id='word_1_160' title='bbox 783 2308 883 2385; x_wconf 88' lang='lat' dir='ltr'><strong>posita</strong></span> <span class='ocrx_word' id='word_1_161' title='bbox 905 2307 940 2365; x_wconf 92' lang='lat' dir='ltr'><strong>in</strong></span> <span class='ocrx_word' id='word_1_162' title='bbox 960 2306 1028 2365; x_wconf 87' lang='lat' dir='ltr'><strong>loeo</strong></span> <span class='ocrx_word' id='word_1_163' title='bbox 1048 2299 1257 2362; x_wconf 79' lang='lat' dir='ltr'><strong>obdormiuit²</strong></span> <span class='ocrx_word' id='word_1_164' title='bbox 1274 2313 1314 2371; x_wconf 75' lang='lat' dir='ltr'><strong>pa·</strong></span> <span class='ocrx_word' id='word_1_165' title='bbox 1377 2282 1378 2303; x_wconf 51' lang='lat'>¹</span> 
     </span>
     <span class='ocr_line' id='line_1_24' title="bbox 377 2392 1313 2486; baseline -0.013 -17"><span class='ocrx_word' id='word_1_166' title='bbox 377 2429 524 2486; x_wconf 85' lang='lat' dir='ltr'><strong>rumper;</strong></span> <span class='ocrx_word' id='word_1_167' title='bbox 545 2411 576 2468; x_wconf 90' lang='lat' dir='ltr'><strong>et</strong></span> <span class='ocrx_word' id='word_1_168' title='bbox 596 2408 651 2468; x_wconf 94' lang='lat' dir='ltr'><strong>ubi</strong></span> <span class='ocrx_word' id='word_1_169' title='bbox 670 2407 842 2485; x_wconf 81' lang='lat' dir='ltr'><strong>euigilauit,</strong></span> <span class='ocrx_word' id='word_1_170' title='bbox 860 2407 1001 2465; x_wconf 87' lang='lat' dir='ltr'><strong>sanatam</strong></span> <span class='ocrx_word' id='word_1_171' title='bbox 1014 2422 1048 2462; x_wconf 90' lang='lat' dir='ltr'><strong>se</strong></span> <span class='ocrx_word' id='word_1_172' title='bbox 1061 2402 1102 2462; x_wconf 88' lang='lat' dir='ltr'><strong>ab</strong></span> <span class='ocrx_word' id='word_1_173' title='bbox 1120 2399 1177 2460; x_wconf 91' lang='lat' dir='ltr'><strong>illa</strong></span> <span class='ocrx_word' id='word_1_174' title='bbox 1194 2392 1313 2472; x_wconf 67' lang='lat' dir='ltr'><strong>corporis</strong></span> 
     </span>
     <span class='ocr_line' id='line_1_25' title="bbox 378 2494 1311 2582; baseline -0.015 -16"><span class='ocrx_word' id='word_1_175' title='bbox 378 2508 582 2567; x_wconf 88' lang='lat' dir='ltr'><strong>dissolutione</strong></span> <span class='ocrx_word' id='word_1_176' title='bbox 596 2507 745 2579; x_wconf 90' lang='lat' dir='ltr'><strong>sentiens,</strong></span> <span class='ocrx_word' id='word_1_177' title='bbox 761 2503 919 2582; x_wconf 88' lang='lat' dir='ltr'><strong>postulata</strong></span> <span class='ocrx_word' id='word_1_178' title='bbox 932 2521 1020 2579; x_wconf 87' lang='lat' dir='ltr'><strong>aqua,</strong></span> <span class='ocrx_word' id='word_1_179' title='bbox 1034 2501 1102 2577; x_wconf 90' lang='lat' dir='ltr'><strong>ipsa</strong></span> <span class='ocrx_word' id='word_1_180' title='bbox 1115 2498 1195 2558; x_wconf 86' lang='lat' dir='ltr'><strong>lauit</strong></span> <span class='ocrx_word' id='word_1_181' title='bbox 1208 2494 1311 2562; x_wconf 77' lang='lat' dir='ltr'><strong>faciem</strong></span> 
     </span>
     <span class='ocr_line' id='line_1_26' title="bbox 378 2590 1311 2681; baseline -0.005 -16"><span class='ocrx_word' id='word_1_182' title='bbox 378 2606 480 2665; x_wconf 85' lang='lat' dir='ltr'><strong>crines</strong></span> <span class='ocrx_word' id='word_1_183' title='bbox 501 2605 673 2681; x_wconf 82' lang='lat' dir='ltr'><strong>conposuit,</strong></span> <span class='ocrx_word' id='word_1_184' title='bbox 697 2607 791 2680; x_wconf 85' lang='lat' dir='ltr'><strong>eaput</strong></span> <span class='ocrx_word' id='word_1_185' title='bbox 811 2603 910 2662; x_wconf 87' lang='lat' dir='ltr'><strong>linteo</strong></span> <span class='ocrx_word' id='word_1_186' title='bbox 932 2599 1100 2676; x_wconf 78' lang='lat' dir='ltr'><strong>cooperuit,</strong></span> <span class='ocrx_word' id='word_1_187' title='bbox 1123 2601 1246 2657; x_wconf 85' lang='lat' dir='ltr'><strong>etcum</strong></span> <span class='ocrx_word' id='word_1_188' title='bbox 1263 2590 1311 2660; x_wconf 62' lang='lat' dir='ltr'><strong>hit</strong></span> 
     </span>
     <span class='ocr_line' id='line_1_27' title="bbox 377 2692 1306 2780; baseline -0.017 -17"><span class='ocrx_word' id='word_1_189' title='bbox 377 2704 433 2780; x_wconf 92' lang='lat' dir='ltr'><strong>qui</strong></span> <span class='ocrx_word' id='word_1_190' title='bbox 447 2722 480 2762; x_wconf 91' lang='lat' dir='ltr'><strong>se</strong></span> <span class='ocrx_word' id='word_1_191' title='bbox 493 2704 692 2776; x_wconf 79' lang='lat' dir='ltr'><strong>adduxerant,</strong></span> <span class='ocrx_word' id='word_1_192' title='bbox 705 2721 781 2762; x_wconf 88' lang='lat' dir='ltr'><strong>sana</strong></span> <span class='ocrx_word' id='word_1_193' title='bbox 793 2700 925 2778; x_wconf 89' lang='lat' dir='ltr'><strong>pedibus</strong></span> <span class='ocrx_word' id='word_1_194' title='bbox 938 2696 1112 2758; x_wconf 89' lang='lat' dir='ltr'><strong>incedendo</strong></span> <span class='ocrx_word' id='word_1_195' title='bbox 1126 2712 1248 2755; x_wconf 87' lang='lat' dir='ltr'><strong>reuersa</strong></span> <span class='ocrx_word' id='word_1_196' title='bbox 1259 2692 1306 2749; x_wconf 83' lang='lat' dir='ltr'><strong>est.</strong></span> 
     </span>
    </p>
   </div>
   <div class='ocr_carea' id='block_1_3' title="bbox 584 2884 1137 3076">
    <p class='ocr_par' dir='ltr' id='par_1_4' title="bbox 584 2884 1137 3076">
     <span class='ocr_line' id='line_1_28' title="bbox 777 2884 926 2946; baseline -0.013 0"><span class='ocrx_word' id='word_1_197' title='bbox 777 2884 869 2946; x_wconf 82' lang='lat' dir='ltr'><strong>OAP.</strong></span> <span class='ocrx_word' id='word_1_198' title='bbox 887 2884 926 2944; x_wconf 72' lang='lat' dir='ltr'>X</span> 
     </span>
     <span class='ocr_line' id='line_1_29' title="bbox 584 3017 1137 3076; baseline -0.007 -10"><span class='ocrx_word' id='word_1_199' title='bbox 584 3022 612 3066; x_wconf 79' lang='lat' dir='ltr'><strong>Ut</strong></span> <span class='ocrx_word' id='word_1_200' title='bbox 620 3021 703 3076; x_wconf 79' lang='lat' dir='ltr'><strong>puluis</strong></span> <span class='ocrx_word' id='word_1_201' title='bbox 713 3022 756 3065; x_wconf 81' lang='lat' dir='ltr'><strong>loci</strong></span> <span class='ocrx_word' id='word_1_202' title='bbox 766 3021 833 3064; x_wconf 72' lang='lat' dir='ltr'><strong>illias</strong></span> <span class='ocrx_word' id='word_1_203' title='bbox 842 3022 921 3064; x_wconf 70' lang='lat' dir='ltr'><strong>comm</strong></span> <span class='ocrx_word' id='word_1_204' title='bbox 932 3020 1012 3074; x_wconf 52' lang='lat' dir='ltr'><strong>viem</strong></span> <span class='ocrx_word' id='word_1_205' title='bbox 1022 3017 1137 3062; x_wconf 61' lang='lat' dir='ltr'><strong>balusii.</strong></span> 
     </span>
    </p>
   </div>
   <div class='ocr_carea' id='block_1_4' title="bbox 307 3125 1313 3234">
    <p class='ocr_par' dir='ltr' id='par_1_5' title="bbox 307 3114 1378 3243">
     <span class='ocr_line' id='line_1_30' title="bbox 307 3125 1313 3234; baseline -0.018 -32"><span class='ocrx_word' id='word_1_206' title='bbox 307 3160 320 3190; x_wconf 84' lang='lat' dir='ltr'><strong>r</strong></span> <span class='ocrx_word' id='word_1_207' title='bbox 421 3135 702 3212; x_wconf 76' lang='lat' dir='ltr'><strong>Eoonn³tempore</strong></span> <span class='ocrx_word' id='word_1_208' title='bbox 710 3136 800 3195; x_wconf 92' lang='lat' dir='ltr'><strong>uenit</strong></span> <span class='ocrx_word' id='word_1_209' title='bbox 810 3135 891 3194; x_wconf 88' lang='lat' dir='ltr'><strong>alius</strong></span> <span class='ocrx_word' id='word_1_210' title='bbox 904 3134 1034 3211; x_wconf 90' lang='lat' dir='ltr'><strong>quidam</strong></span> <span class='ocrx_word' id='word_1_211' title='bbox 1047 3132 1087 3192; x_wconf 91' lang='lat' dir='ltr'><strong>de</strong></span> <span class='ocrx_word' id='word_1_212' title='bbox 1101 3131 1226 3191; x_wconf 87' lang='lat' dir='ltr'><strong>natione</strong></span> <span class='ocrx_word' id='word_1_213' title='bbox 1239 3125 1313 3234; x_wconf 62' lang='lat' dir='ltr'><strong>Bret-</strong></span> 
     </span>
    </p>
   </div>
   <div class='ocr_carea' id='block_1_5' title="bbox 235 3221 1378 3309">
    <p class='ocr_par' dir='ltr' id='par_1_6' title="bbox 235 3221 1378 3309">
     <span class='ocr_line' id='line_1_31' title="bbox 235 3221 1378 3309; baseline -0.008 -14"><span class='ocrx_word' id='word_1_214' title='bbox 235 3221 243 3249; x_wconf 84' lang='lat'><strong>¹</strong></span> <span class='ocrx_word' id='word_1_215' title='bbox 296 3221 316 3251; x_wconf 56' lang='grc' dir='ltr'><strong>θ’</strong></span> <span class='ocrx_word' id='word_1_216' title='bbox 379 3239 499 3309; x_wconf 91' lang='lat' dir='ltr'><strong>tonum,</strong></span> <span class='ocrx_word' id='word_1_217' title='bbox 524 3238 560 3294; x_wconf 91' lang='lat' dir='ltr'><strong>ut</strong></span> <span class='ocrx_word' id='word_1_218' title='bbox 582 3235 694 3308; x_wconf 85' lang='lat' dir='ltr'><strong>ferunt,</strong></span> <span class='ocrx_word' id='word_1_219' title='bbox 719 3234 778 3294; x_wconf 86' lang='lat' dir='ltr'><strong>iter</strong></span> <span class='ocrx_word' id='word_1_220' title='bbox 800 3233 917 3293; x_wconf 83' lang='lat' dir='ltr'><strong>faciens</strong></span> <span class='ocrx_word' id='word_1_221' title='bbox 935 3233 1025 3292; x_wconf 77' lang='lat' dir='ltr'><strong>iuxta</strong></span> <span class='ocrx_word' id='word_1_222' title='bbox 1042 3231 1151 3308; x_wconf 90' lang='lat' dir='ltr'><strong>ipsum</strong></span> <span class='ocrx_word' id='word_1_223' title='bbox 1169 3229 1272 3296; x_wconf 84' lang='lat' dir='ltr'><strong>locum,</strong></span> <span class='ocrx_word' id='word_1_224' title='bbox 1285 3240 1314 3280; x_wconf 88' lang='lat'><strong>111</strong></span> <span class='ocrx_word' id='word_1_225' title='bbox 1377 3246 1378 3293; x_wconf 68' lang='lat' dir='ltr'><strong>l</strong></span> 
     </span>
    </p>
   </div>
   <div class='ocr_carea' id='block_1_6' title="bbox 380 3355 1378 3972">
    <p class='ocr_par' dir='ltr' id='par_1_7' title="bbox 380 3324 1378 3738">
     <span class='ocr_line' id='line_1_32' title="bbox 380 3355 1314 3425; baseline -0.004 -12"><span class='ocrx_word' id='word_1_226' title='bbox 380 3372 415 3413; x_wconf 74' lang='lat' dir='ltr'><strong>tte</strong></span> <span class='ocrx_word' id='word_1_227' title='bbox 423 3371 489 3413; x_wconf 81' lang='lat' dir='ltr'>MSS.</span> <span class='ocrx_word' id='word_1_228' title='bbox 500 3370 564 3423; x_wconf 62' lang='lat' dir='ltr'><strong>bene,-</strong></span> <span class='ocrx_word' id='word_1_229' title='bbox 576 3370 611 3412; x_wconf 78' lang='lat' dir='ltr'><strong>ibe</strong></span> <span class='ocrx_word' id='word_1_230' title='bbox 621 3369 751 3424; x_wconf 77' lang='lat' dir='ltr'><strong>readinpin</strong></span> <span class='ocrx_word' id='word_1_231' title='bbox 762 3370 798 3413; x_wconf 72' lang='lat' dir='ltr'><strong>ihc</strong></span> <span class='ocrx_word' id='word_1_232' title='bbox 807 3371 852 3412; x_wconf 69' lang='lat' dir='ltr'><strong>text</strong></span> <span class='ocrx_word' id='word_1_233' title='bbox 861 3369 884 3412; x_wconf 81' lang='lat' dir='ltr'><strong>ia</strong></span> <span class='ocrx_word' id='word_1_234' title='bbox 894 3364 1020 3422; x_wconf 67' lang='lat' dir='ltr'><strong>thalasii.</strong></span> <span class='ocrx_word' id='word_1_235' title='bbox 1029 3362 1112 3411; x_wconf 88' lang='lat' dir='ltr'>B.W.</span> <span class='ocrx_word' id='word_1_236' title='bbox 1120 3361 1162 3425; x_wconf 51' lang='grc' dir='ltr'><strong>Οἳ.</strong></span> <span class='ocrx_word' id='word_1_237' title='bbox 1171 3361 1206 3417; x_wconf 58' lang='grc'><strong>0.</strong></span> <span class='ocrx_word' id='word_1_238' title='bbox 1214 3359 1258 3418; x_wconf 76' lang='lat'><strong>0„.</strong></span> <span class='ocrx_word' id='word_1_239' title='bbox 1266 3355 1314 3414; x_wconf 77' lang='lat' dir='ltr'><strong>oui</strong></span> 
     </span>
     <span class='ocr_line' id='line_1_33' title="bbox 381 3435 1378 3503; baseline -0.005 -13"><span class='ocrx_word' id='word_1_240' title='bbox 381 3445 511 3490; x_wconf 83' lang='lat' dir='ltr'><strong>stramine</strong></span> <span class='ocrx_word' id='word_1_241' title='bbox 533 3445 683 3491; x_wconf 84' lang='lat' dir='ltr'><strong>substracto</strong></span> <span class='ocrx_word' id='word_1_242' title='bbox 704 3444 736 3491; x_wconf 86' lang='lat' dir='ltr'><strong>N.</strong></span> <span class='ocrx_word' id='word_1_243' title='bbox 755 3443 800 3503; x_wconf 87' lang='lat' dir='ltr'><strong>H„</strong></span> <span class='ocrx_word' id='word_1_244' title='bbox 821 3459 846 3490; x_wconf 83' lang='lat' dir='ltr'><strong>ao</strong></span> <span class='ocrx_word' id='word_1_245' title='bbox 864 3443 893 3492; x_wconf 84' lang='lat' dir='ltr'><strong>C.</strong></span> <span class='ocrx_word' id='word_1_246' title='bbox 913 3447 970 3490; x_wconf 65' lang='lat' dir='ltr'><strong>ruta</strong></span> <span class='ocrx_word' id='word_1_247' title='bbox 988 3447 1025 3490; x_wconf 73' lang='lat' dir='ltr'><strong>the</strong></span> <span class='ocrx_word' id='word_1_248' title='bbox 1044 3445 1126 3489; x_wconf 82' lang='lat' dir='ltr'><strong>second</strong></span> <span class='ocrx_word' id='word_1_249' title='bbox 1145 3455 1159 3488; x_wconf 90' lang='lat' dir='ltr'><strong>s</strong></span> <span class='ocrx_word' id='word_1_250' title='bbox 1178 3441 1258 3497; x_wconf 67' lang='lat' dir='ltr'><strong>arud,</strong></span> <span class='ocrx_word' id='word_1_251' title='bbox 1274 3435 1315 3480; x_wconf 62' lang='lat' dir='ltr'><strong>aed</strong></span> <span class='ocrx_word' id='word_1_252' title='bbox 1377 3442 1378 3499; x_wconf 68' lang='lat' dir='ltr'><strong>l</strong></span> 
     </span>
     <span class='ocr_line' id='line_1_34' title="bbox 382 3512 1378 3582; baseline -0.005 -14"><span class='ocrx_word' id='word_1_253' title='bbox 382 3525 467 3568; x_wconf 85' lang='lat' dir='ltr'><strong>tracto</strong></span> <span class='ocrx_word' id='word_1_254' title='bbox 475 3526 564 3568; x_wconf 61' lang='lat' dir='ltr'><strong>wellen</strong></span> <span class='ocrx_word' id='word_1_255' title='bbox 574 3527 640 3569; x_wconf 67' lang='lat' dir='ltr'><strong>abore</strong></span> <span class='ocrx_word' id='word_1_256' title='bbox 652 3520 724 3582; x_wconf 64' lang='lat' dir='ltr'><strong>aym,</strong></span> <span class='ocrx_word' id='word_1_257' title='bbox 736 3537 760 3569; x_wconf 84' lang='lat' dir='ltr'><strong>so</strong></span> <span class='ocrx_word' id='word_1_258' title='bbox 772 3522 836 3581; x_wconf 83' lang='grc' dir='ltr'><strong>Ι).01</strong></span> <span class='ocrx_word' id='word_1_259' title='bbox 847 3525 902 3568; x_wconf 72' lang='lat' dir='ltr'><strong>wilt</strong></span> <span class='ocrx_word' id='word_1_260' title='bbox 914 3536 928 3569; x_wconf 86' lang='lat' dir='ltr'><strong>e</strong></span> <span class='ocrx_word' id='word_1_261' title='bbox 939 3525 1018 3569; x_wconf 61' lang='lat' dir='ltr'><strong>erasm</strong></span> <span class='ocrx_word' id='word_1_262' title='bbox 1025 3539 1034 3577; x_wconf 91' lang='lat'><strong>,·</strong></span> <span class='ocrx_word' id='word_1_263' title='bbox 1054 3519 1188 3567; x_wconf 87' lang='lat' dir='ltr'><strong>stramine</strong></span> <span class='ocrx_word' id='word_1_264' title='bbox 1200 3512 1315 3564; x_wconf 75' lang='lat' dir='ltr'><strong>substrato</strong></span> <span class='ocrx_word' id='word_1_265' title='bbox 1377 3538 1378 3557; x_wconf 57' lang='grc' dir='ltr'><strong>ι</strong></span> 
     </span>
     <span class='ocr_line' id='line_1_35' title="bbox 382 3587 1315 3664; baseline -0.004 -18"><span class='ocrx_word' id='word_1_266' title='bbox 382 3599 444 3664; x_wconf 53' lang='lat'><strong>⁰³³-</strong></span> <span class='ocrx_word' id='word_1_267' title='bbox 462 3599 531 3660; x_wconf 78' lang='lat'><strong>0,‚„.</strong></span> <span class='ocrx_word' id='word_1_268' title='bbox 550 3599 628 3662; x_wconf 59' lang='lat' dir='ltr'><strong>[eru]</strong></span> <span class='ocrx_word' id='word_1_269' title='bbox 648 3600 675 3648; x_wconf 89' lang='lat' dir='ltr'><strong>P.</strong></span> <span class='ocrx_word' id='word_1_270' title='bbox 687 3600 726 3662; x_wconf 67' lang='grc' dir='ltr'><strong>Η,</strong></span> <span class='ocrx_word' id='word_1_271' title='bbox 742 3599 802 3648; x_wconf 82' lang='lat' dir='ltr'><strong>edd</strong></span> <span class='ocrx_word' id='word_1_272' title='bbox 816 3615 823 3659; x_wconf 79' lang='lat'><em>3</em></span> <span class='ocrx_word' id='word_1_273' title='bbox 839 3601 957 3648; x_wconf 87' lang='lat' dir='ltr'><strong>stamine</strong></span> <span class='ocrx_word' id='word_1_274' title='bbox 974 3599 1112 3646; x_wconf 84' lang='lat' dir='ltr'><strong>substrato</strong></span> <span class='ocrx_word' id='word_1_275' title='bbox 1129 3598 1171 3657; x_wconf 74' lang='grc'><strong>0,.</strong></span> <span class='ocrx_word' id='word_1_276' title='bbox 1210 3598 1250 3642; x_wconf 72' lang='lat' dir='ltr'><strong>m</strong></span> <span class='ocrx_word' id='word_1_277' title='bbox 1267 3587 1315 3638; x_wconf 60' lang='lat' dir='ltr'><strong>AS-</strong></span> 
     </span>
     <span class='ocr_line' id='line_1_36' title="bbox 382 3671 1316 3738; baseline 0 -16"><span class='ocrx_word' id='word_1_278' title='bbox 382 3692 437 3722; x_wconf 77' lang='lat' dir='ltr'><strong>vers.</strong></span> <span class='ocrx_word' id='word_1_279' title='bbox 447 3680 513 3736; x_wconf 75' lang='lat' dir='ltr'><strong>basy</strong></span> <span class='ocrx_word' id='word_1_280' title='bbox 523 3679 571 3738; x_wconf 70' lang='lat' dir='ltr'><strong>pret</strong></span> <span class='ocrx_word' id='word_1_281' title='bbox 579 3679 678 3737; x_wconf 69' lang='lat' dir='ltr'><strong>gebarte</strong></span> <span class='ocrx_word' id='word_1_282' title='bbox 687 3676 802 3730; x_wconf 81' lang='lat' dir='ltr'><strong>olateah.</strong></span> <span class='ocrx_word' id='word_1_283' title='bbox 811 3682 827 3724; x_wconf 80' lang='lat' dir='ltr'><strong>i.</strong></span> <span class='ocrx_word' id='word_1_284' title='bbox 835 3694 853 3726; x_wconf 82' lang='lat' dir='ltr'><strong>e.</strong></span> <span class='ocrx_word' id='word_1_285' title='bbox 867 3680 895 3725; x_wconf 89' lang='lat' dir='ltr'><strong>et</strong></span> <span class='ocrx_word' id='word_1_286' title='bbox 905 3676 1015 3724; x_wconf 84' lang='lat' dir='ltr'><strong>frenum</strong></span> <span class='ocrx_word' id='word_1_287' title='bbox 1023 3676 1167 3724; x_wconf 83' lang='lat' dir='ltr'><strong>subtraxit.</strong></span> <span class='ocrx_word' id='word_1_288' title='bbox 1215 3671 1222 3699; x_wconf 94' lang='lat'><strong>¹</strong></span> <span class='ocrx_word' id='word_1_289' title='bbox 1237 3678 1316 3718; x_wconf 65' lang='lat' dir='ltr'><strong>wrm</strong></span> 
     </span>
    </p>

    <p class='ocr_par' dir='ltr' id='par_1_8' title="bbox 383 3741 1321 3803">
     <span class='ocr_line' id='line_1_37' title="bbox 383 3741 1321 3803; baseline -0.001 -4"><span class='ocrx_word' id='word_1_290' title='bbox 383 3752 418 3799; x_wconf 78' lang='grc' dir='ltr'><strong>Μ.</strong></span> <span class='ocrx_word' id='word_1_291' title='bbox 431 3752 469 3800; x_wconf 82' lang='lat'><strong>0¹.</strong></span> <span class='ocrx_word' id='word_1_292' title='bbox 481 3753 520 3802; x_wconf 81' lang='lat'>13¹.</span> <span class='ocrx_word' id='word_1_293' title='bbox 532 3754 564 3803; x_wconf 82' lang='lat' dir='ltr'><strong>N.</strong></span> <span class='ocrx_word' id='word_1_294' title='bbox 663 3753 772 3802; x_wconf 79' lang='lat' dir='ltr'><strong>²·muit</strong></span> <span class='ocrx_word' id='word_1_295' title='bbox 784 3756 820 3803; x_wconf 76' lang='grc' dir='ltr'><strong>Μ.</strong></span> <span class='ocrx_word' id='word_1_296' title='bbox 919 3753 929 3781; x_wconf 80' lang='lat'>⁸</span> <span class='ocrx_word' id='word_1_297' title='bbox 946 3758 1014 3802; x_wconf 71' lang='lat' dir='ltr'><strong>mee</strong></span> <span class='ocrx_word' id='word_1_298' title='bbox 1025 3758 1047 3801; x_wconf 71' lang='lat' dir='ltr'><strong>e</strong></span> <span class='ocrx_word' id='word_1_299' title='bbox 1058 3741 1321 3802; x_wconf 58' lang='lat' dir='ltr'><strong>»emmerammi</strong></span> 
     </span>
    </p>

    <p class='ocr_par' dir='ltr' id='par_1_9' title="bbox 384 3827 1317 3972">
     <span class='ocr_line' id='line_1_38' title="bbox 384 3827 1317 3892; baseline 0.009 -16"><span class='ocrx_word' id='word_1_300' title='bbox 384 3829 418 3876; x_wconf 77' lang='lat' dir='ltr'><strong>M.</strong></span> <span class='ocrx_word' id='word_1_301' title='bbox 431 3833 524 3878; x_wconf 78' lang='lat' dir='ltr'><strong>between</strong></span> <span class='ocrx_word' id='word_1_302' title='bbox 535 3835 592 3879; x_wconf 73' lang='lat' dir='ltr'><strong>these</strong></span> <span class='ocrx_word' id='word_1_303' title='bbox 608 3837 649 3879; x_wconf 79' lang='lat' dir='ltr'><strong>two</strong></span> <span class='ocrx_word' id='word_1_304' title='bbox 660 3837 780 3892; x_wconf 74' lang='lat' dir='ltr'><strong>clmptera,·</strong></span> <span class='ocrx_word' id='word_1_305' title='bbox 798 3837 838 3880; x_wconf 78' lang='lat' dir='ltr'><strong>but</strong></span> <span class='ocrx_word' id='word_1_306' title='bbox 853 3837 889 3881; x_wconf 72' lang='lat' dir='ltr'><strong>ibe</strong></span> <span class='ocrx_word' id='word_1_307' title='bbox 905 3836 1035 3880; x_wconf 67' lang='lat' dir='ltr'><strong>rubricator</strong></span> <span class='ocrx_word' id='word_1_308' title='bbox 1048 3836 1095 3880; x_wconf 79' lang='lat' dir='ltr'><strong>bas</strong></span> <span class='ocrx_word' id='word_1_309' title='bbox 1107 3835 1206 3880; x_wconf 75' lang='lat' dir='ltr'><strong>inserted</strong></span> <span class='ocrx_word' id='word_1_310' title='bbox 1217 3827 1317 3884; x_wconf 60' lang='lat' dir='ltr'><strong>amr</strong></span> 
     </span>
     <span class='ocr_line' id='line_1_39' title="bbox 384 3906 733 3972; baseline 0.014 -18"><span class='ocrx_word' id='word_1_311' title='bbox 384 3906 543 3972; x_wconf 85' lang='lat' dir='ltr'><strong>capitulum)</strong></span> <span class='ocrx_word' id='word_1_312' title='bbox 555 3914 622 3958; x_wconf 81' lang='lat' dir='ltr'><strong>above</strong></span> <span class='ocrx_word' id='word_1_313' title='bbox 633 3914 667 3958; x_wconf 77' lang='lat' dir='ltr'><strong>ibe</strong></span> <span class='ocrx_word' id='word_1_314' title='bbox 677 3914 733 3958; x_wconf 78' lang='lat' dir='ltr'><strong>linc.</strong></span> 
     </span>
    </p>
   </div>
   <div class='ocr_carea' id='block_1_7' title="bbox 0 0 1446 4334">
    <p class='ocr_par' dir='ltr' id='par_1_10' title="bbox 0 0 1446 4334">
     <span class='ocr_line' id='line_1_40' title="bbox 0 0 1446 4334; baseline 0 0"><span class='ocrx_word' id='word_1_315' title='bbox 0 0 1446 4334; x_wconf 95' lang='lat' dir='ltr'><strong> </strong></span> 
     </span>
    </p>
   </div>
  </div>
 </body>
</html>
