2859 4334
120 303 180 354 cir.
193 299 252 365 xa]
422 295 538 361 Gentis
561 296 765 384 Anpiocum.
1005 296 1068 361 14⁷

119 486 183 542 quo
211 467 347 544 praefata
374 473 440 530 erat
467 491 573 550 pugna
599 473 764 552 conpleta3
798 477 830 534 et
865 473 947 533 uidit
977 472 1072 533 unius

120 563 181 624 loci
216 567 353 644 spatium
388 573 488 630 cetero
522 591 632 650 campo
666 573 798 634 uiridius
825 593 860 632 ao
886 571 1071 645 uenustius3

120 665 282 742 coepitque
304 668 406 745 sagaci
423 669 528 730 animo
547 672 693 746 conicere,
712 672 794 750 quod
813 671 901 732 nulla
917 674 998 731 esset
1010 669 1071 730 alia

121 782 212 824 aalma
226 763 368 826 insolitae
387 767 443 828 illo
463 769 496 829 in
515 769 582 830 loco
597 771 776 844 uiriditatis,
794 771 855 830 nisi
868 769 940 847 quia
953 769 1071 828 ibidem

120 863 258 923 sanctior
271 867 372 924 cetero
391 867 526 927 exercitu
549 869 599 928 uir
617 869 732 946 aliquis
749 868 860 929 fuisset
878 867 1069 928 interfectus.

121 961 211 1022 Tulit
224 963 330 1040 itaque
345 965 383 1024 de
396 966 526 1042 puluere
540 970 639 1028 terrae
657 968 744 1028 illius
763 987 868 1028 secum
882 966 1020 1042 inligans
1037 965 1072 1025 in

121 1060 228 1137 linteo,
247 1063 392 1140 cogitans,
410 1064 492 1141 quod
507 1065 649 1126 futurum
664 1069 738 1141 erat,
757 1066 831 1144 quia
848 1067 887 1126 ad
905 1064 1073 1125 medellam

121 1160 354 1222 infirmantium
364 1161 447 1222 idom
458 1163 564 1240 puluis
572 1166 735 1241 proficeret
749 1187 756 1240 ;
778 1167 810 1225 et
820 1183 952 1241 porgens
962 1163 1073 1223 itinere

121 1279 178 1320 suo
192 1261 338 1336 peruenit
358 1261 397 1320 ad
419 1261 524 1322 uicum
546 1265 701 1340 quendam
723 1283 858 1340 uespere,
882 1261 1075 1340 intrauitque

122 1359 155 1418 in
173 1359 313 1433 domum,
331 1359 366 1419 in
387 1379 449 1436 qua
468 1360 588 1422 uicani'
611 1365 775 1423 coenantes
796 1360 1003 1438 epulabantur
1013 1381 1022 1433 ;
1042 1363 1075 1419 et

122 1459 284 1535 sarsoeptus
298 1477 316 1518 a
330 1459 468 1518 dominis
486 1459 606 1535 domus,
623 1461 737 1521 resedit
751 1464 783 1520 ot
802 1460 867 1537 ipse
886 1480 958 1520 cum
977 1457 1074 1518 eisad

123 1556 315 1628 conuiuium,
339 1557 518 1634 adpendens
539 1559 705 1620 linteolum
727 1579 800 1619 cum
821 1559 959 1635 puluere,
980 1577 1075 1634 quem

123 1654 287 1728 adtulerat,
304 1655 339 1715 in
352 1676 418 1717 una
430 1660 519 1734 posta
529 1657 663 1734 parietis.
691 1657 834 1734 Cumque
844 1655 964 1716 diutius
974 1653 1075 1730 epulis

122 1756 218 1829 atque
232 1753 372 1814 ebrietati
388 1758 542 1829 uacarent,
559 1775 686 1816 accenso
700 1755 812 1832 grandi
824 1755 898 1832 igne
912 1754 945 1813 in
959 1752 1073 1830 medio,

122 1851 258 1928 contigit
272 1851 453 1914 uolantibus
467 1854 502 1914 in
518 1855 619 1914 altum
639 1855 787 1914 scintillis
805 1853 931 1913 culmen
951 1852 1072 1925 domus,

123 1951 208 2027 quod
223 1956 290 2012 erat
304 1952 401 2029 uirgis
410 1957 599 2028 contextum,
611 1974 645 2014 ac
655 1954 747 2013 foeno
760 1957 887 2026 tectum,
904 1950 1077 2011 subitaneis

123 2049 263 2110 flammis
277 2051 407 2128 impleri
454 2053 542 2128 Quod
564 2072 637 2112 cum
656 2055 783 2128 repente
797 2051 948 2110 conuiuae
961 2053 1077 2110 terrore

126 2145 270 2207 coniusi²
285 2148 506 2225 conspicerent,
523 2150 670 2229 fugenmt
683 2150 767 2210 foras
776 2149 824 2209 nil
836 2147 959 2210 ardenti
970 2145 1078 2206 domui

127 2241 132 2318 Ι
159 2250 192 2306 et
221 2247 410 2324 iamiamque
438 2249 590 2325 periturae
627 2249 773 2326 prodesse
799 2248 948 2307 ualentes
1002 2247 1079 2307 Con·

125 2349 256 2422 sumpta
270 2365 343 2422 ergo
357 2347 452 2406 domu
467 2347 610 2422 flammis,
627 2349 716 2424 posta
727 2346 925 2407 solummodo
933 2345 952 2421 ⁸,
969 2344 1079 2422 inqua

125 2444 234 2522 puluis
248 2443 303 2504 ille
317 2445 455 2505 inclusus
468 2445 632 2522 pendebat,
644 2448 713 2506 tuta
726 2446 766 2506 ab
780 2445 906 2523 ignibus
919 2446 951 2503 et
963 2444 1080 2504 intacta

126 2543 289 2604 remansit.
335 2543 402 2618 Qua
415 2543 484 2604 uisa
497 2545 614 2605 uirtute
628 2545 734 2605 mirati
748 2549 823 2605 sunt
838 2544 948 2618 ualde;
969 2545 1001 2602 et
1014 2561 1081 2619 per·

127 2644 290 2720 quirentes
313 2641 468 2717 subtilius,
493 2643 693 2716 inuenerunt,
714 2643 789 2720 quia
809 2643 848 2702 de
867 2642 923 2702 illo
944 2642 1010 2701 loco
1030 2641 1081 2700 ad-

127 2743 276 2817 sumptus
290 2742 356 2800 erat
369 2739 483 2816 puluis,
498 2741 552 2800 ubi
573 2741 652 2819 regis
671 2741 820 2802 Osualdi⁴
838 2741 964 2819 sangine
977 2740 1080 2799 fuerat

127 2841 256 2900 effusus
303 2837 423 2913 Quibus
436 2838 597 2916 patefactis
613 2859 648 2900 ac
662 2839 832 2900 diffamatis
850 2839 944 2916 longe
956 2837 1080 2914 lateque

127 2935 297 3012 miraculis,
321 2935 416 2997 multi
433 2957 488 3014 per
503 2937 570 2997 dies
586 2937 689 2998 locum
711 2937 908 3015 frequentare
929 2935 1031 3010 illum,
1048 2938 1081 2995 ot

128 3037 302 3098 sanitatum
317 3035 361 3094 ibi
375 3035 507 3112 gratiam
521 3055 628 3112 capere
641 3035 703 3096 sibi
716 3035 845 3113 suisque
858 3036 1033 3112 coeperunt.

521 3255 613 3316 ΟΑΡ.
631 3255 688 3316 XI.

131 3411 160 3456 [ἐ
171 3422 241 3466 ηιριτ
251 3408 364 3464 reliquias
373 3409 425 3453 cius
434 3408 476 3452 aas
489 3408 590 3452 melculo
606 3409 651 3451 iola
668 3409 729 3450 nocto
744 3406 834 3463 delerit,
848 3408 868 3450 et
883 3408 909 3449 ut
922 3418 966 3461 per
980 3418 1020 3450 eoa
1034 3405 1083 3450 ciat

489 3486 635 3530 demoniaci
646 3486 731 3530 carati.

171 3615 274 3676 Ima
287 3631 365 3691 quas
379 3631 576 3689 nequaquam
588 3610 713 3671 silentio
727 3611 988 3688 praetereundum
1002 3630 1080 3685 reor,

129 3714 205 3792 quid
220 3711 349 3772 uirtutis
362 3731 397 3770 ac
411 3711 553 3770 miraculi
563 3709 703 3770 caelestis
717 3708 812 3769 fuerit
826 3712 995 3782 ostensum,
1010 3728 1083 3769 oum

162 3877 278 3930 ¹uicini
288 3877 326 3928 0².
339 3877 434 3927 B¹.N¹.
505 3875 909 3936 ’conosconiusicrooedial
985 3875 1083 3925 ⁸-dum

128 3958 166 4008 M.
247 3955 397 4005 'osuualdi
410 3955 437 4006 0.

580 4053 630 4096 aa
