2859 4334
359 228 423 290 208
628 229 786 295 Histom'c
807 227 1041 296 Ecclesiastico
1186 241 1300 308 [Lialv.

357 419 430 460 cum
458 402 565 479 regina
593 403 819 482 Aedilthryde¹
848 404 888 464 de
914 403 1076 481 prouincia
1100 401 1302 462 Orientalium

357 500 543 577 Anglorum,
568 506 694 580 eramus
716 504 838 580 primus
861 503 1087 577 ministrorum,
1111 505 1145 561 et
1165 503 1303 578 princepe

358 599 471 660 domus
484 603 558 662 eiua
604 603 665 677 Qui
685 623 759 662 cum
780 605 935 663 crescente
953 602 1028 662 fidei
1045 603 1168 661 feruore
1187 601 1303 660 saeculo

358 699 578 760 abrenuntiare
602 702 790 778 disponeret,
814 722 879 762 non
899 702 959 761 hoc
979 700 1117 777 segniter
1137 698 1235 773 fecit;
1253 697 1303 758 sod

358 800 434 859 adeo
455 820 488 860 se
507 802 618 862 mundi
636 802 730 862 rebus
751 801 845 874 exuit,
867 804 903 860 ut
920 801 1037 861 relictis
1054 798 1212 871 omnibus,
1231 817 1305 874 quse

358 898 497 974 habebat,
522 899 656 976 simplici
677 903 803 961 tautum
823 900 933 960 habitu
956 900 1095 974 indutus,
1118 901 1152 958 et
1175 897 1304 957 necuim

358 999 451 1074 atque
464 998 577 1059 asciam
594 998 629 1058 in
647 999 869 1074 manuferens,
887 999 1008 1059 ueniret
1025 997 1064 1058 ad
1081 996 1303 1057 monasterium

358 1096 497 1157 eiusdem
521 1097 766 1158 reuerentissimi
786 1097 890 1174 patris,
915 1098 998 1174 quod
1020 1100 1150 1157 uocatur
1172 1093 1305 1154 metio

357 1193 463 1273 genui
509 1195 581 1256 Nou
605 1196 692 1256 onim
715 1197 755 1257 ad
775 1197 885 1271 otium,
909 1199 946 1256 ut
971 1196 1108 1272 quidam,
1127 1195 1184 1254 sed
1206 1193 1245 1253 ad
1265 1193 1305 1253 ls-

357 1289 464 1350 borem
479 1309 512 1349 se
526 1293 753 1351 monesterium
771 1290 889 1351 intrare
902 1290 1054 1368 signabat
1098 1288 1191 1364 Quod
1205 1289 1307 1364 ipsum

357 1389 452 1448 otiam
475 1389 557 1449 fecto
587 1389 794 1465 monstrauit;
825 1409 984 1466 namquo
1010 1388 1118 1449 minus
1139 1385 1307 1446 sufficiebat
1396 1426 1397 1447 .

358 1487 554 1548 meditationi
578 1487 810 1564 scripturarum,
829 1509 866 1548 eo
888 1487 1026 1565 amplius
1046 1487 1134 1563 operi
1155 1504 1306 1546 manuum
1396 1472 1397 1493 ¹

357 1587 497 1647 studium
521 1586 721 1664 impendebat.
766 1587 909 1664 Denique
922 1605 996 1648 cum
1016 1587 1160 1664 episcopo
1179 1587 1215 1646 in
1229 1603 1306 1665 praa

357 1685 420 1746 fata
441 1685 604 1746 mansione
631 1705 688 1762 plo
715 1704 790 1745 suae
817 1686 994 1746 reuerentia
1021 1685 1200 1746 deuotionis
1226 1687 1304 1746 inter

356 1783 467 1844 iratres
486 1783 612 1845 habitus
619 1784 638 1859 ⁸,
656 1804 728 1844 cum
745 1783 794 1844 illi
811 1783 900 1845 intus
919 1784 1045 1845 lectioni
1063 1785 1225 1859 uocabant,
1241 1785 1301 1862 ipse

356 1883 440 1958 forie,
471 1903 550 1960 quae
577 1903 656 1959 opus
687 1903 754 1943 esso
782 1883 977 1959 uidebantur,
1009 1883 1203 1960 operabatur.
1246 1882 1299 1958 Qui

357 2002 429 2042 cum
444 1982 493 2042 die
508 1983 641 2059 quadam
660 1983 724 2042 tale
740 1982 860 2058 aliquid
881 1981 957 2042 foris
976 1987 1089 2060 ageret,
1107 1981 1299 2059 dignemisad

356 2079 517 2140 ecclesiam
530 2080 629 2154 sociis,
647 2084 683 2141 ut
697 2080 800 2141 dicore
815 2100 984 2158 coeperam,
1000 2086 1033 2141 et
1046 2082 1210 2158 episcopum
1222 2081 1300 2140 solus

316 2207 318 2214 ·
355 2180 389 2239 in
418 2180 551 2240 oratorio
579 2179 639 2240 loci
667 2179 794 2239 lectioni
821 2180 871 2240 uel
897 2179 1030 2240 orationi
1056 2201 1184 2257 operam
1211 2180 1298 2253 duct,

397 2279 479 2338 diuit
509 2281 644 2356 reponte,
673 2282 709 2339 ut
732 2282 840 2355 postea
862 2278 1024 2354 referebat,
1049 2299 1160 2339 uocem
1188 2279 1301 2339 suauis·

356 2377 469 2437 simam
484 2377 678 2437 cantantium
692 2379 786 2454 atquo
802 2377 987 2437 noandum
1001 2377 1040 2437 de
1054 2376 1139 2437 caelo
1154 2378 1194 2438 ad
1210 2380 1302 2436 tenu

356 2495 454 2552 usque
464 2475 662 2549 descendero3
678 2495 773 2552 quam
782 2475 927 2535 uidelicet
937 2495 1047 2535 uocem
1056 2476 1097 2536 ab
1107 2476 1298 2548 Emona

356 2573 388 2634 id
416 2577 464 2634 eet
492 2575 531 2634 ab
558 2573 623 2633 alto
651 2573 803 2633 brumalis
835 2576 966 2648 exortus,
997 2574 1100 2651 primo
1127 2595 1163 2635 se
1186 2573 1301 2635 audisse

357 2673 486 2746 dicebat,
502 2692 536 2732 ac
551 2673 663 2732 deinde
677 2672 828 2749 paulatim
841 2692 911 2733 earn
924 2671 986 2732 sibi
999 2674 1190 2750 adpropiare,
1209 2673 1301 2732 denec

357 2772 395 2831 ad
413 2773 532 2831 tectum
553 2791 652 2848 usque
672 2771 806 2846 oratorii,
828 2771 863 2831 in
884 2791 946 2848 quo
965 2775 1032 2832 erat
1048 2771 1221 2849 episcopus,
1237 2790 1301 2848 par

358 2870 480 2931 ueniret
495 2891 502 2944 ;
523 2870 605 2947 quod
620 2870 767 2945 ingressa,
783 2872 889 2930 totum
902 2870 1058 2947 impleuit,
1074 2873 1171 2948 atque
1184 2872 1218 2930 in
1231 2887 1301 2947 gyro

357 2968 567 3028 circumdedit.
612 2969 658 3028 At
679 2967 734 3027 ille
756 2968 834 3027 dum
856 2968 1010 3028 sollicitus
1032 2969 1068 3029 in
1088 2989 1134 3042 ea,
1159 2989 1236 3046 quae
1255 2987 1302 3026 au·

357 3067 469 3141 diobat,
493 3067 636 3126 animum
663 3065 849 3141 intenderet,
872 3067 995 3127 audiuit
1015 3067 1128 3143 denuo,
1151 3069 1301 3128 meante

358 3165 447 3241 quasi
461 3165 610 3224 dimidiae
618 3164 711 3224 horae
721 3164 829 3241 spatio,
841 3166 1006 3226 escendere
1019 3167 1059 3226 de
1072 3169 1157 3226 tecto
1168 3165 1300 3226 duedem

358 3263 483 3322 oratorii
499 3263 584 3322 idem
599 3262 735 3323 laetitiae
751 3263 916 3336 canticum,
941 3267 974 3324 et
994 3264 1068 3341 ipsa,
1085 3285 1149 3343 qua
1170 3264 1297 3332 uenerat,

358 3357 409 3418 uia
429 3358 467 3417 ad
486 3358 585 3418 caelos
606 3378 705 3435 usque
722 3378 795 3418 cum
815 3358 967 3419 ineffabili
984 3359 1168 3420 dulcedine⁴
1183 3355 1297 3419 reuerti.

358 3457 419 3530 Qui
433 3475 505 3516 cum
518 3456 751 3533 aliquantulum
769 3455 865 3516 horae
878 3457 967 3534 quasi
979 3457 1143 3519 adtonitus
1157 3457 1297 3527 maneret,

390 3648 397 3676 ¹
415 3649 519 3709 -daeB3
536 3649 710 3712 aedyldrydn
728 3649 769 3709 N3
786 3649 940 3712 aodildryda
956 3649 984 3710 0,
999 3653 1034 3698 vie
1047 3665 1110 3699 eroes
1125 3653 1253 3710 narsum
1263 3646 1299 3694 θό

358 3725 1058 3791 betnpprobobtybyc’,whotaeolooottcredthsitntoe.
1150 3721 1297 3780 'aec.B¹;

357 3821 400 3867 ·ga
410 3806 437 3868 ig
448 3804 482 3854 13²
493 3823 500 3866 ;
517 3807 666 3869 lestingaeu
677 3806 710 3854 N.
782 3805 793 3834 ⁸
811 3805 925 3854 hebetus
936 3807 972 3857 Μ.
983 3805 1028 3856 W¹
1038 3823 1047 3868 ;
1057 3807 1181 3868 habetur,
1191 3807 1267 3855 m
1276 3807 1296 3847 θ

357 3883 501 3932 haberetur
511 3883 541 3933 O.
614 3881 624 3915 ⁴
642 3882 782 3932 dulcidine
793 3883 840 3933 Μ’.
851 3883 880 3933 C.
