2859 4334
143 257 286 323 cn.x11.]
446 246 560 315 Gentis
582 247 787 334 Aoplorum.
1029 247 1090 311 151

140 423 322 483 aeoeesionis
344 425 541 500 exspectaret,
567 422 726 499 ingressus
747 421 787 481 ad
807 441 880 480 eum
903 421 1031 497 quidam
1052 420 1091 480 de

140 521 310 582 frutribus:
335 520 430 596 ‘Uis’
443 520 556 599 inquit,
576 521 638 580 ‘mi
649 523 730 595 nate,
745 521 872 580 dooeam
882 523 921 594 te,
934 519 1091 597 quomodo

140 621 258 680 cureris
284 619 323 679 ab
347 618 459 679 huiue¹
481 619 625 679 molestia
646 618 808 696 langoris?
849 618 956 695 Surge,
987 619 1090 695 ingre·

139 717 232 778 dere²
254 717 420 792 eeclesiam,
446 721 477 778 et
497 717 646 778 aeoedens
664 719 705 777 nd
727 716 929 794 sepulchrum
949 717 1086 792 Osuuldi,

139 815 182 876 ibi
204 798 313 891 residd,
338 821 369 876 et
389 816 512 894 quietus
529 835 662 876 manens
682 816 795 876 adhere
816 814 951 875 tumbae.
996 815 1087 890 Uide,

138 933 179 974 ne
208 935 298 976 exeas
326 914 408 990 inde,
440 934 497 974 neo
528 915 567 974 de
595 914 663 974 loeo
692 913 855 989 monearis,
887 914 985 973 donee
1012 914 1090 974 hora

138 1014 320 1074 recessionis
343 1013 478 1073 febrium
501 1012 667 1072 transierit.
709 1012 828 1071 Tunc
818 1032 884 1088 rpse
906 1011 1036 1088 intrabo,
1058 1016 1089 1074 et

136 1113 269 1174 educam
292 1114 323 1171 te
344 1111 437 1172 inde)
479 1111 572 1189 Fecit,
596 1113 632 1170 nt
656 1110 709 1170 ille
726 1114 887 1184 suaserat;
851 1110 1090 1171 t·sedentem

137 1231 199 1288 que
213 1211 273 1271 ed’
292 1210 436 1271 tumbam
449 1210 549 1270 saneti
568 1209 738 1270 infirmitas
750 1212 878 1286 tangere
892 1230 1089 1287 nequaquam

135 1309 347 1389 praesumsit;
372 1310 449 1386 quin
471 1309 506 1369 in
528 1310 654 1369 tantum
676 1308 793 1368 timens
816 1308 944 1384 aufugit,
972 1311 1008 1369 ut
1031 1329 1089 1369 neo

136 1409 274 1468 secunda
295 1407 353 1480 die,
377 1427 434 1467 neo
453 1406 552 1482 tertia,
579 1425 681 1483 neque
706 1425 858 1481 umquam
881 1407 993 1466 exinde
1014 1427 1087 1468 eum

134 1507 266 1568 auderet
275 1505 462 1584 contingere
495 1505 584 1581 Quod
595 1505 639 1565 ita
653 1525 719 1564 esse
730 1509 860 1582 gestum,
875 1505 929 1582 qui
936 1505 1088 1566 referebat

134 1603 226 1676 mihi,
258 1601 352 1662 frater
379 1601 452 1660 inde
476 1599 646 1660 adueniens
669 1599 789 1673 adiecit,
817 1600 900 1675 quod
924 1619 960 1658 eo
987 1601 1089 1661 adhue

132 1703 285 1780 tempore,
306 1719 369 1776 quo
382 1719 507 1759 meeum
521 1697 713 1775 loquebatur,
731 1701 906 1773 superesset
923 1698 957 1758 in
977 1699 1087 1759 eodem

132 1798 403 1860 monasteriolam
422 1797 547 1858 iuuenis
561 1797 621 1871 ifle,
640 1796 674 1856 in
694 1816 756 1872 quo
770 1799 845 1857 tuno
859 1815 955 1872 puero
968 1797 1087 1857 factum

39 1921 67 1949 Δο
131 1901 200 1958 erat
222 1899 281 1958 hoo
303 1897 488 1956 miraculum
509 1895 660 1956 sanitatis.
706 1895 770 1954 Nec
788 1892 968 1954 mirandum
982 1910 1087 1971 preces

40 1979 65 2008 ἰ
131 1995 218 2074 regis
233 1995 320 2055 illius
337 1995 399 2055 iam
419 2013 492 2054 oum
506 1993 644 2054 Domino
658 1993 817 2070 regnantis
830 1992 969 2053 multum
983 1993 1086 2054 ualere

129 2095 217 2174 apud
247 2115 328 2170 eum,
359 2093 413 2171 qui
440 2093 622 2170 temporalis
655 2093 744 2171 regni
775 2093 952 2171 quondam*
980 2092 1086 2171 guber

131 2193 248 2254 nacula
275 2195 393 2268 tenens,
426 2192 525 2269 magis
559 2211 615 2269 pro
650 2196 777 2253 aeterno
811 2193 927 2270 regno⁵
960 2211 1086 2270 semper

128 2293 273 2354 laborare
287 2311 322 2352 eo
336 2292 492 2368 deprecari
506 2291 632 2352 solebat

173 2391 320 2467 Denique
345 2391 457 2464 ferunt,
485 2389 558 2467 quia
581 2411 598 2451 a
623 2393 762 2468 tempore
784 2390 957 2450 matutinae
984 2389 1086 2450 laudis
1101 2401 1244 2446 meme

127 2489 258 2567 saepius
270 2490 308 2549 ad
322 2489 406 2548 diem
421 2507 517 2566 usque
532 2489 567 2549 in
586 2489 777 2549 orationibus
794 2488 976 2566 persteterit,
993 2475 1118 2566 etque⁸
1102 2462 1208 2566 (mid,

128 2589 171 2650 ob
186 2588 332 2648 crebrum
346 2607 466 2648 morem
480 2588 639 2664 orandi,
614 2608 681 2648 srue
695 2588 810 2666 gratias
823 2587 936 2665 agendi
949 2588 1085 2648 Domino

127 2706 259 2764 semper
280 2684 468 2762 ubicumque
492 2686 610 2762 sedens,
637 2687 765 2763 supinas
791 2705 884 2762 super
906 2705 1007 2763 genua
1030 2706 1086 2747 sua

128 2805 248 2847 manus
261 2785 373 2844 hebere
389 2783 500 2844 solitus
518 2785 567 2845 sit
612 2785 787 2862 Uulgstum
805 2788 852 2846 est
870 2790 983 2860 autem,
1001 2789 1033 2845 et
1050 2785 1086 2844 in

127 2882 391 2944 consuetudinem
418 2883 573 2959 prouerbii
600 2903 736 2959 uersum,
767 2885 850 2961 quod
878 2883 972 2944 etiam
1002 2883 1085 2944 inter

128 2984 229 3044 uerba
257 2979 404 3040 orationis
431 2981 529 3041 uitam
557 2981 681 3042 finierit
727 2982 809 3041 Nam
837 3001 909 3041 oum
933 2982 1029 3041 armis
1053 2985 1084 3042 et

126 3079 278 3143 hostibus
291 3077 513 3156 oireumseptus
528 3079 715 3157 iamiamque
729 3080 868 3140 uideret·
881 3100 914 3139 se
928 3100 994 3139 esse
1007 3080 1084 3157 peri·

32 3207 61 3234 a
127 3180 294 3252 mendum,
316 3176 320 3258 Ι
339 3179 438 3238 orauit
458 3197 515 3254 pro
534 3178 697 3238 animabus
715 3180 869 3238 exereitus
888 3179 946 3239 sui
991 3178 1084 3239 Unde

126 3279 243 3340 dieunt
263 3276 297 3336 in
315 3275 498 3354 prouerbio:
527 3277 627 3336 ‘Deus
645 3277 794 3338 miserere
811 3277 981 3352 animabus,
1004 3277 1084 3338 dixit

126 3377 248 3440 Osuald
263 3375 399 3436 eadens'
389 3395 424 3435 ιιι
438 3376 573 3436 terram’

170 3477 252 3538 Ossa
273 3473 368 3551 igitur
381 3473 468 3534 illius
484 3475 633 3534 translato
651 3478 683 3536 et
700 3474 825 3535 condita
842 3474 941 3535 sunt
931 3496 966 3534 ιιι
978 3495 1084 3535 mona·
1100 3487 1161 3532 ruta
1171 3488 1199 3532 οι
1205 3488 1246 3533 his

127 3575 234 3648 sterio,
248 3571 460 3652 quodiximus
491 3573 589 3633 Porro
600 3577 691 3650 eaput
701 3576 734 3633 et
743 3593 856 3634 manus
867 3594 939 3634 oum
950 3546 1146 3634 braehus

126 3697 146 3738 a
159 3691 289 3751 eorpore
302 3672 452 3750 praecisas
466 3671 556 3732 iussit
566 3691 619 3732 rex
620 3693 694 3750 ,qur
686 3671 887 3747 'occiderets
877 3692 912 3731 ιιι
923 3673 1012 3751 stipit
999 3673 1084 3733 tibus

161 3821 360 3872 ¹huiusmodi
372 3819 451 3871 c.13².
519 3819 613 3870 ¹·dire
624 3821 660 3871 ll.
729 3818 863 3868 'eumad
875 3821 903 3870 G.
971 3820 1080 3884 ‘quon-

127 3901 251 3951 dnmooa
266 3901 301 3950 ll.
369 3901 532 3964 'ragnoom
547 3899 581 3950 ll.
657 3899 786 3948 ‘uiderit
797 3899 824 3948 C.
