2859 4334
353 274 418 337 326
620 269 778 336 Historia
800 268 1033 334 Ecclesiastico
1192 276 1252 342 [ιιι
1266 275 1292 323 V.

352 446 573 523 impleuerunt.
632 444 700 520 Quo
727 444 828 504 edhuc
855 442 890 502 in
917 440 1135 502 transmarinis
1162 438 1295 517 portibus
1308 441 1381 487 ΜΕ

352 546 543 613 demorante,
572 546 767 603 consecratus
788 544 836 601 est
860 542 894 601 iu
918 543 1117 616 episcopatum
1143 534 1291 606 Eboracih
1308 515 1356 553 α’*

351 642 478 703 iubente
506 661 575 720 rcge
604 640 723 717 Osuio²,
755 641 871 702 Ceuddu
903 640 951 699 uir
978 641 1114 713 sanctus,
1144 641 1183 698 ut
1209 653 1294 713 supro

351 744 560 802 memoratum
584 744 639 814 est,
664 742 696 800 et
717 742 811 799 tribus
830 740 921 800 annes
941 736 1104 798 ecclesium
1124 736 1294 796 sublimiter

351 860 470 917 regens,
479 840 593 900 dehinc
602 839 640 899 sd
649 838 896 910 monesteriisui
904 832 1290 914 quodestinLoestingoei'‚

352 958 457 998 curem
477 938 612 1013 secessit,
630 936 801 1014 accipiente
817 935 955 996 Uilfrido
974 935 1188 1012 episcopatum
1205 933 1294 993 totius

352 1038 684 1115 Nordsnhymbrorum
698 1036 884 1113 prouinciae.

204 1154 209 1164 ·
258 1166 297 1197 ex·
394 1136 454 1211 Qui
468 1136 580 1196 deinde
593 1137 743 1212 regnante
757 1133 912 1211 Eogirido,
926 1132 1036 1209 pulsus
1050 1135 1099 1192 est
1112 1132 1290 1210 episcopatu,
1306 1142 1392 1185 ihs-¹⁴·

370 1237 384 1295 t
410 1235 465 1295 ulii
491 1254 549 1311 pro
575 1234 630 1294 illo
659 1232 830 1293 consecrati
856 1232 1021 1305 antistites,
1052 1252 1187 1308 quorum
1211 1212 1330 1306 supro*

182 1332 264 1377 Rome
352 1332 576 1407 meminimus;
598 1334 792 1408 Romamque
816 1330 926 1405 iturus,
953 1334 986 1389 et
1010 1350 1112 1390 coram
1135 1328 1294 1407 apostolico

352 1452 431 1509 pepe
452 1450 575 1491 causam
600 1430 748 1505 dicturus,
776 1428 831 1489 ubi
855 1448 969 1489 nouem
992 1428 1181 1505 conscendit,
1208 1429 1295 1488 flante

354 1530 491 1592 Fauonio
519 1529 628 1606 pulsus
655 1530 702 1589 est
729 1528 874 1603 Fresism,
905 1530 938 1587 et
971 1529 1126 1602 honorifice
1158 1531 1390 1602 munes

354 1649 373 1690 a
399 1628 538 1688 barbaris
562 1646 596 1687 sc
617 1644 681 1702 repe
702 1627 830 1686 illorum
852 1626 988 1701 lupico
996 1630 1015 1701 ⁴,
1040 1627 1233 1701 praedicabat
1254 1622 1294 1684 eis
1307 1611 1372 1702 ἔξω

356 1730 510 1800 Christum,
522 1728 553 1785 et
562 1728 656 1786 mulla
664 1744 773 1785 eorum
783 1726 964 1785 mdiaucrbo
973 1725 1114 1785 ueritatis
1123 1724 1290 1796 instituens,
1306 1715 1364 1764 ὼ

355 1828 581 1905 speocatorum
595 1844 724 1883 suorum
737 1824 882 1885 sordibus
894 1825 982 1884 fonte
996 1824 1168 1884 Scluatoris
1185 1823 1294 1893 abluit;

355 1928 387 1985 et
405 1924 487 2001 quod
509 1923 709 1999 postmodum
735 1924 878 1998 uilbrord,
895 1922 1169 1984 reuerentissimus
1188 1920 1293 1983 Christi

354 2022 503 2101 pontifex,
528 2020 562 2081 in
583 2040 696 2097 magne
719 2021 885 2081 deuotione
905 2023 1071 2099 conpleuit,
1098 2021 1167 2100 ipse
1187 2025 1293 2097 prim

356 2124 397 2182 ibi
419 2140 496 2198 opus
523 2120 739 2197 euangelicum
760 2121 867 2197 coepit
912 2121 965 2180 Ibi
987 2141 1061 2198 ergo
1082 2123 1211 2181 hiemem
1232 2137 1291 2178 cum
1306 2121 1382 2222 ΈΔἛ

356 2240 439 2281 noue
452 2218 511 2279 Dei
524 2218 615 2295 plebe
630 2218 761 2279 feliciter
775 2218 909 2295 exigens,
927 2219 972 2278 sic
990 2220 1124 2279 Romam
1139 2218 1293 2280 ueniendi⁵
1307 2198 1334 2230 ω
1368 2203 1382 2227 ”

356 2321 412 2378 iter
425 2317 570 2394 repetiit;
591 2321 622 2377 et
642 2320 694 2377 ubi
711 2336 801 2380 eausa
820 2321 884 2379 eius
903 2318 1054 2378 uentilats
1073 2324 1130 2391 eet,
1147 2318 1293 2395 praesente

354 2417 510 2494 Aquilone
517 2435 600 2491 papa
613 2418 644 2475 et
655 2416 796 2493 pluribus
805 2419 948 2492 episcopis,
963 2418 1184 2477 uniuersorum
1193 2415 1292 2476 indicio

356 2516 470 2591 absque
498 2515 628 2575 crimine
655 2517 815 2575 accusatus
842 2515 944 2590 fuisse,
976 2520 1008 2575 et
1033 2515 1210 2593 episcopatu
1235 2532 1290 2573 esse

356 2613 471 2689 dignus
491 2613 640 2673 inuentus
660 2616 715 2673 est.

399 2713 467 2788 Quo
491 2712 525 2771 in
549 2713 690 2789 tempore
711 2712 797 2771 idem
817 2731 897 2789 pepe
916 2712 1042 2788 Auatha,
1066 2732 1138 2773 cum
1159 2712 1291 2789 synodum
1304 2720 1381 2764 be*

357 2814 556 2888 congregaret
576 2812 692 2871 Romse
714 2810 802 2871 OXX
807 2812 836 2871 V
851 2812 1060 2885 misooporum,
1076 2812 1224 2871 aduersus
1239 2826 1290 2875 eos,

357 2909 411 2987 qui
426 2930 522 2968 unam
534 2910 567 2969 in
579 2908 715 2969 Domino
727 2908 887 2969 Saluetore
895 2910 1093 2969 uoluntatem
1103 2914 1197 2986 utque
1205 2926 1293 2984 opero·

356 3008 476 3069 tionem
501 3007 760 3084 dogmatizabant,
792 3009 895 3069 uocari
922 3007 1014 3067 iussit
1042 3010 1095 3067 et‘
1123 3006 1289 3075 Uilfridum,

356 3109 450 3182 etque
464 3107 546 3165 inter
561 3107 721 3183 episcopos
741 3106 954 3166 considentem
975 3106 1076 3166 dioere
1094 3106 1189 3166 fidem
1204 3122 1289 3174 surm,

358 3206 453 3266 simul
489 3208 520 3265 et
548 3205 727 3282 prouinciae
759 3204 826 3265 siue
852 3205 981 3279 insulse,
1013 3205 1053 3265 de
1080 3226 1143 3283 que
1168 3206 1289 3265 ueneni.

358 3304 500 3379 Cumque
515 3302 683 3363 catholicus
697 3303 761 3363 fide
774 3324 846 3363 cum
857 3304 922 3364 suis
931 3308 1013 3363 esset
1020 3304 1178 3377 inuentus,
1189 3298 1293 3380 placuit

357 3404 417 3463 hoc
431 3403 514 3461 inter
528 3404 628 3461 cetera
642 3402 781 3461 eiusdem
795 3402 907 3479 synodi
920 3403 1016 3479 gestis
1025 3402 1131 3476 inseri,
1144 3401 1294 3478 scriptum·

359 3521 418 3579 que
443 3502 490 3559 est
512 3499 570 3560 hoc
594 3500 706 3561 modo:
733 3500 900 3575 ‘Uilfcidus
919 3502 983 3561 Deo
1004 3503 1142 3563 amabilis
1163 3502 1295 3576 epicum

356 3601 524 3659 Eboracum
552 3601 689 3673 ciuitatis,
720 3602 908 3674 apostol-icam
933 3602 1029 3661 ecdem
1059 3602 1096 3660 dc
1128 3619 1184 3662 seo
1214 3612 1295 3658 com

393 3779 495 3828 ¹obur·
508 3780 537 3831 C.
636 3778 704 3830 ²·iu
715 3782 746 3832 B.
758 3782 786 3833 G.
799 3782 832 3832 N.
932 3778 1294 3844 ’lueet-B31eestingaei03

360 3857 490 3919 '8¹¹²0lN·
611 3859 713 3923 ¹·gislo
725 3859 758 3909 N.
867 3858 1023 3910 'seniendi
1034 3855 1291 3919 addedoomoryinl

359 3934 369 3963 ⁸
386 3936 414 3981 et
425 3950 470 3983 om.
484 3934 514 3984 (l.
614 3935 624 3966 ἵ
641 3938 719 3987 ebur·
732 3938 761 3988 (l.
