2859 4334
320 252 386 321 392
618 252 776 320 Historia
797 252 968 320 Abbotum

320 426 438 498 plinam,
458 428 580 483 eundem
596 424 735 483 cantandi
756 424 928 498 legendique
948 426 1037 481 ritum
1055 443 1170 482 omnem
1186 440 1271 481 cano·

320 514 428 583 nicum,
447 533 533 585 quem
552 514 584 569 in
602 512 690 585 priori
710 514 883 570 monasterio
907 514 1069 583 seruabant,
1093 513 1137 569 ibi
1160 531 1272 584 qnoque

321 603 525 659 celebrandum
538 602 679 673 suscepit;
697 602 766 657 dum
782 619 962 671 nequaquam
978 620 1084 668 omnes,
1096 602 1147 673 qui
1161 620 1226 658 cnm
1239 618 1273 658 eo

321 695 471 760 uenerant,
484 691 608 761 psalmos
618 690 742 755 cantare,
756 695 866 759 quanto
875 690 971 745 minus
979 691 1076 761 legere
1085 691 1116 745 in
1125 689 1274 770 aecclesia,

321 782 368 838 uel
381 781 526 837 antifonas
541 780 601 837 siue
613 778 792 850 responsoria
803 780 897 835 dicere
908 783 1032 836 nossent.
1071 780 1129 837 Sed
1138 780 1214 835 iuuit
1226 796 1274 835 eos

321 886 402 927 amor
425 868 581 941 religionis,
600 872 631 924 et
649 866 768 924 studiosi
786 866 905 924 rectoris
922 868 1085 939 exemplum
1100 868 1105 937 Ι
1120 872 1209 939 atquc
1226 868 1273 923 in·
1290 879 1310 925 f.
1322 894 1348 932 24
1358 880 1376 921 ι.

322 957 431 1014 stantia
442 958 548 1022 sollers,
561 956 612 1027 qui
628 957 721 1012 donec
740 956 834 1011 altum
852 956 1059 1013 monasterialis
1074 956 1275 1013 obseruantiac

323 1046 448 1102 radicem
461 1046 563 1117 figeret
571 1044 589 1110 ¹,
603 1044 699 1115 sepius
715 1043 793 1099 horis
814 1043 946 1099 omnibus
965 1044 1108 1100 canonicis
1130 1063 1196 1100 cnm
1216 1046 1277 1099 irs·

322 1134 414 1189 tribus
433 1132 602 1191 aecclesiam
621 1133 813 1203 frequentare,
831 1131 919 1199 refici,
935 1135 967 1189 et
984 1132 1130 1203 quiescere
1148 1134 1277 1199 solebat3

323 1222 459 1292 quatinus
472 1222 565 1291 siqua
578 1220 755 1292 corrigenda
771 1220 796 1276 si
812 1238 869 1291 qua
885 1220 1009 1277 nouitios
1025 1225 1121 1277 essent
1137 1222 1278 1290 docenda,

323 1328 459 1383 praesens
470 1310 531 1381 ipse
544 1310 704 1380 perficeret.

152 1406 310 1467 nolluingoi
361 1416 403 1454 12.
421 1398 517 1455 Tertio
541 1400 638 1454 autem
663 1414 699 1453 ex
724 1414 780 1466 qno
800 1396 1005 1453 monasterium
1029 1398 1167 1454 fundauit
1189 1416 1276 1465 anno,
1294 1409 1404 1460 Me·

150 1473 252 1577 ’31ᾞοῖ
325 1485 402 1556 cupit
426 1484 576 1542 aedificare
600 1482 767 1541 aecclesiam
794 1484 874 1542 beati
900 1485 983 1541 Pauli
1010 1486 1135 1557 apostoli
1158 1485 1277 1542 nomine

256 1563 261 1575 ¹
324 1574 553 1639 consecrandam,
575 1572 624 1627 ubi
644 1570 806 1643 AEcgiridus
827 1572 888 1644 ipse
908 1574 1002 1629 locum
1024 1574 1124 1629 altaris
1145 1574 1278 1645 designa

325 1666 422 1727 nerat;
442 1662 517 1732 quod
535 1662 567 1716 in
582 1664 697 1717 tantum
714 1662 808 1717 creuit
826 1680 896 1733 opus
914 1662 945 1717 in
964 1663 1035 1730 dies,
1047 1667 1088 1726 ut,
1106 1680 1172 1718 cum
1191 1662 1279 1734 pauci

325 1754 421 1808 essent
439 1750 569 1821 operarii,
591 1750 719 1806 'secundo
738 1766 773 1806 ex
793 1768 850 1820 quo
871 1750 1038 1806 inchoatum
1062 1756 1105 1808 est
1129 1768 1216 1818 anno,
1241 1750 1278 1805 ad

325 1839 534 1895 dedicationem
558 1855 647 1908 usque
672 1838 843 1909 perueniret.
880 1838 922 1894 Eo
949 1844 1047 1895 autem
1069 1842 1279 1909 temporeque

327 1928 570 1984 reuerentissimus
594 1926 681 1982 abbas
706 1927 881 1983 Benedictus
904 1926 974 1983 illuc
998 1927 1115 1983 miserat
1142 1926 1278 1983 abbatem

156 2020 309 2066 Eosterwino
327 2016 509 2082 ceolfridum,
524 2013 675 2071 constituit
687 2017 718 2070 et
730 2013 936 2081 AEosterwini¹,
950 2033 1035 2085 quem
1048 2014 1195 2085 praefatus
1206 2032 1279 2081 sum,

153 2081 300 2184 ffiffffis
326 2103 515 2175 presbiterum
523 2106 736 2174 cognatumque
745 2120 836 2172 suum,
844 2102 1119 2174 priorismonasterii
1129 2106 1279 2167 rectorem,

154 2199 275 2244 ofWoar-
328 2210 385 2247 non
412 2191 480 2262 quia
503 2209 590 2246 unum
617 2189 751 2259 idemque
776 2190 982 2247 monasterium
1006 2192 1077 2246 duos
1100 2191 1205 2247 habers
1231 2190 1279 2246 uel

154 2257 302 2363 affirm
327 2280 426 2351 possit,
445 2280 491 2336 uel
515 2280 617 2335 debeat
642 2277 770 2343 abbates,
790 2279 840 2335 sed
860 2279 927 2349 quia
950 2279 1012 2350 ipse
1035 2296 1087 2350 pro
1109 2278 1199 2335 insita
1222 2278 1280 2333 sibi

327 2366 469 2439 sapientia
482 2371 511 2424 et
524 2365 690 2422 maturitate
704 2364 889 2422 consiliorum
900 2366 996 2437 sepius
1008 2369 1045 2422 sd
1056 2385 1153 2439 regem
1169 2366 1280 2422 solebat

327 2455 449 2521 euocari,
470 2472 522 2510 nec
544 2456 665 2509 uacabat
686 2470 754 2509 eum
775 2471 887 2524 semper
910 2454 1103 2526 gubernandis
1127 2454 1280 2525 disponen-

326 2543 425 2611 disque
445 2541 610 2598 monasterii
632 2540 708 2597 curis
729 2539 873 2612 implicari
881 2540 899 2605 ³,
918 2542 1063 2611 quaesiuit
1084 2542 1140 2597 sibi
1162 2541 1279 2605 socium,

327 2648 384 2700 quo
397 2630 563 2695 auxiliante,
576 2629 706 2685 debitum
714 2629 827 2699 pondus
834 2630 984 2701 regiminis
993 2630 1087 2686 lenius
1093 2630 1279 2700 securiusque

326 2722 463 2789 portaret.
501 2718 621 2788 Insuper
639 2720 669 2774 et
688 2717 808 2773 Romam
829 2717 871 2775 ire
894 2718 1059 2787 festinabat,
1079 2719 1216 2789 quatinus
1237 2736 1280 2779 ea.

327 2824 400 2876 quae
415 2824 528 2863 neeesse
542 2809 637 2861 essent
649 2805 838 2872 monasteriis,
851 2824 907 2876 que
921 2806 1098 2872 condiderat,
1112 2806 1149 2863 ds
1164 2806 1281 2879 peregri

327 2895 451 2965 patriam
461 2894 471 2924 ⁴
483 2893 561 2949 bons
572 2894 701 2949 referret.

157 2992 309 3040 asterwino
367 2998 407 3052 13.
426 2982 487 3049 Qui,
505 2985 508 3051 l
524 2982 592 3036 dum
600 2980 798 3037 transmarinis
805 2984 966 3037 moraretur
974 2982 1005 3037 in
1013 2981 1091 3046 locis
1100 3000 1177 3045 ecce,
1185 2982 1284 3039 subita
1299 2990 1317 3035 f,
1328 3004 1352 3047 ις
1361 3007 1381 3035 ι,
1415 3035 1416 3064 ¹

157 3055 210 3098 ‘¹³⁰⁸
220 3053 299 3098 (ΜΘ
327 3070 512 3141 pestilentiae
526 3070 652 3141 procella
668 3068 864 3125 Brittanniam
883 3068 1040 3140 corripiens
1055 3071 1117 3127 lata
1133 3089 1205 3128 nece
1219 3088 1284 3128 uss-

157 3114 305 3242 }ffibnof
328 3158 411 3222 lauit,
431 3158 463 3212 in
481 3175 538 3227 qus
555 3157 672 3229 plurimi
693 3158 729 3214 de
748 3161 869 3227 utroque
889 3158 950 3214 eius
967 3158 1150 3224 monasterio,
1170 3164 1201 3216 et
1221 3159 1284 3231 ipse

158 3231 258 3286 sigfnd.
329 3245 502 3302 uenerabilis
515 3263 548 3301 ac
562 3245 621 3302 Deo
637 3244 760 3301 dilectus
773 3245 861 3300 abbas
874 3244 1044 3301 Eostersrini
1054 3244 1067 3279 ²
1077 3250 1178 3317 raptus
1189 3252 1235 3303 est
1246 3250 1285 3304 ad

330 3334 490 3398 Dominum,
505 3334 637 3389 1111‘001
650 3350 705 3403 quo
718 3333 805 3389 abbas
818 3350 879 3389 esse
892 3338 1027 3405 caeperat
1038 3352 1123 3389 anno.
1159 3334 1215 3389 Pro
1228 3354 1285 3405 quo

331 3423 442 3488 fratres,
474 3439 532 3477 una
561 3440 625 3477 oum
659 3420 779 3477 consilio
808 3420 946 3477 ceolfridi
973 3421 1094 3487 abbatis,
1124 3421 1286 3493 sigfridum

329 3510 479 3566 diaconem
502 3510 629 3566 eiusdem
654 3509 829 3576 monasterii,
848 3509 921 3566 mire
942 3509 1106 3567 sanctitatis
1130 3510 1234 3575 uirum,
1254 3517 1286 3567 et

331 3597 534 3668 scripturarum
551 3596 653 3652 studiis
665 3596 847 3653 abundanter
859 3595 1029 3654 instructum
1044 3616 1078 3655 sc
1094 3598 1287 3670 singulariter

330 3686 485 3755 intentum,
497 3684 673 3741 constituere
689 3685 833 3741 abbatem.

364 3834 513 3887 ¹fisretH.
596 3837 828 3899 'sisterwinum3
844 3805 940 3889 -nusli
1025 3836 1092 3888 ³·rs
1103 3839 1141 3889 11.
1224 3838 1289 3890 ‘sle

331 3910 470 3973 peregrina
481 3910 602 3973 patrici.
