2859 4334
365 253 429 317 114
636 252 792 320 Historia
813 253 1046 320 Ecclesiastico
1203 264 1301 331 [rau.

361 426 538 503 Anglorum
560 427 593 488 in
614 417 803 489 Brittaniam
829 449 932 489 annus
959 427 1078 488 circiter
1102 428 1301 488 camme.

362 524 543 601 Baptizatue
570 525 635 586 est¹
663 530 768 588 autem
796 521 928 588 Eburaci
963 528 1013 587 die
1042 529 1151 587 sancto
1184 527 1304 604 paschae

361 623 461 699 pridie
475 624 590 685 Iduum
602 626 762 702 Aprilium
776 626 811 686 in
824 627 950 686 ecelesia
960 626 1047 686 Petri
1060 626 1201 703 apostoli,
1219 645 1302 703 quarn

360 721 480 782 ibidem
500 723 567 800 ipse
592 725 630 784 de
655 725 748 802 ligno,
775 723 866 784 oum'
890 725 1133 798 cathecizaretur‚
1157 729 1252 801 atque
1271 724 1302 783 sd

360 821 593 898 percipiendum
620 823 776 899 baptisma
799 823 986 898 inbueretur,
1013 824 1107 883 citato
1128 843 1220 900 opere
1241 843 1301 883 oon·

359 920 481 979 struxit.
526 920 567 980 In
581 941 642 997 qua
659 922 754 981 etiam
774 922 900 982 ciuitate
919 923 979 999 ipsi
993 922 1111 983 doctori
1125 925 1219 998 atque
1232 919 1301 980 anti·

359 1018 445 1076 suti*
470 1038 526 1079 suo
550 1020 685 1080 Paulino
712 1021 829 1080 eedem'
842 1021 1034 1098 episcopatus
1055 1022 1194 1082 donauit
1239 1020 1300 1080 lior

358 1115 462 1172 autem
487 1116 523 1174 ut
545 1114 698 1191 baptisma
721 1119 904 1176 consecutus
926 1118 981 1191 eet,
1003 1114 1008 1195 l
1026 1116 1158 1190 curauit,
1181 1116 1370 1176 docentetol

358 1213 466 1272 eodem
488 1213 629 1288 Paulino,
647 1213 806 1295 maioremx
818 1214 886 1290 ipso
907 1215 941 1273 in
961 1215 1028 1274 loco
1049 1217 1081 1274 et
1100 1215 1299 1292 augustiorem

357 1310 396 1370 de
410 1310 512 1388 lapide
532 1312 681 1372 fabricare
701 1313 867 1388 basilicam,
890 1312 924 1372 in
946 1313 1035 1372 cuius
1051 1313 1157 1372 medio
1172 1311 1296 1388 ipsum⁴,

358 1410 440 1485 quod
466 1411 552 1486 prius
576 1411 696 1485 iecerat,
723 1411 892 1470 oratorium
920 1411 1140 1471 includeretur.
1183 1411 1299 1486 Praepa·

357 1508 433 1567 ratis
460 1528 532 1586 ergo
559 1509 773 1569 fundamentis
800 1509 834 1568 in
861 1529 938 1586 gyro
965 1510 1077 1586 prioris
1104 1510 1227 1570 oratorii
1251 1526 1299 1585 per

357 1609 510 1683 quadrum
530 1607 630 1684 eoepit
651 1608 812 1667 aedificare
833 1607 999 1668 basilicam.
1044 1609 1107 1668 Sed
1127 1609 1296 1686 priusquam

356 1706 489 1765 altitudo
516 1706 642 1783 parietis
669 1709 751 1766 esset
779 1710 1003 1782 consummata,
1034 1727 1088 1766 rex
1115 1707 1183 1784 ipse
1211 1704 1296 1782 impia

356 1823 430 1864 nece
455 1806 579 1878 occisus,
605 1825 683 1883 opus
710 1806 796 1864 idem
816 1805 983 1865 successori
1007 1824 1064 1864 suo
1085 1805 1220 1866 Osualdo
1239 1821 1296 1881 pen

355 1901 522 1963 ficiendum
550 1903 684 1981 reliquit.
729 1904 883 1964 Paulinus
910 1906 1015 1963 autem
1040 1922 1077 1962 ex
1102 1923 1140 1965 eo
1167 1907 1294 1980 tempore

354 2021 407 2061 sex
430 2002 522 2062 annia
545 2003 738 2078 continuis⁵‚-
757 2002 789 2062 id
813 2005 861 2062 est
885 2001 1042 2062 adfinem
1064 2022 1165 2080 usque
1183 1999 1294 2078 impen'i

354 2100 435 2176 regie
449 2100 543 2174 illiue,
557 2101 688 2161 uerbum
703 2099 769 2175 Dei,
780 2099 938 2159 adnuente
950 2121 985 2160 ac
999 2101 1125 2160 fauente
1137 2100 1212 2177 ipso,
1221 2100 1252 2159 in
1263 2115 1295 2157 ea
1393 2148 1394 2161 ,

352 2198 512 2273 prouincia
532 2199 744 2277 praedicabat;
772 2199 999 2276 credebantque
1017 2201 1050 2258 et
1069 2199 1294 2276 baptimbanhlr
1306 2209 1349 2252 la
1357 2201 1393 2263 ὦ,

353 2300 506 2373 quotquot
533 2302 621 2359 erant
648 2297 878 2374 praeordinati⁶
898 2299 936 2358 ad
959 2297 1058 2357 uitam
1079 2301 1240 2370 aeternam
1259 2297 1292 2354 in
1305 2269 1334 2322 ⁴⁸

269 2400 274 2413 '
352 2395 464 2470 quibus
479 2399 567 2454 erant
581 2396 685 2457 osfrid
701 2399 734 2456 et
751 2396 879 2456 Eadfn'd
895 2396 956 2455 filii
969 2395 1050 2472 regis
1064 2395 1227 2467 Aeduinn
1242 2392 1291 2470 qui

350 2493 442 2552 ambo
457 2494 505 2553 ei⁸
526 2494 610 2554 exuli
631 2494 697 2554 nati
715 2497 791 2556 sunt
811 2495 851 2554 de
869 2492 1096 2570 Quoenburga⁹
1117 2493 1182 2554 filia
1200 2491 1290 2554 Cearli

350 2592 431 2669 regie
446 2592 639 2653 Marciorum
1388 2630 1389 2653 ι

391 2688 547 2767 Baptizsti
560 2694 636 2750 sunt
649 2694 789 2767 tempore
802 2694 952 2768 sequente
965 2693 997 2750 et
1010 2690 1065 2750 alii
1079 2690 1169 2750 liberi
1182 2687 1289 2749 eiusde
1387 2730 1388 2751 η

350 2788 537 2865 Aedilberga
546 2787 567 2820 ¹⁰
599 2789 705 2866 regina
735 2789 898 2867 progeniti,
922 2789 1115 2848 Aedilhun¹¹
1143 2793 1174 2848 et
1196 2785 1288 2848 Aedil-

350 2887 445 2963 thryd
456 2886 476 2918 ¹²
495 2887 567 2962 filis,
585 2891 616 2947 et
630 2889 710 2947 alter
723 2888 808 2948 filius
822 2886 982 2962 Uuscfrm,
999 2907 1135 2964 quorum
1152 2886 1238 2964 primi
1251 2883 1288 2943 al·

349 2984 415 3044 bati
428 2985 529 3046 adhuc
540 2985 620 3062 rapti
635 2989 710 3045 eunt
725 2987 764 3046 de
778 2986 835 3045 hac
848 2986 923 3060 uita,
937 2988 969 3045 et
978 2986 1114 3045 Eburaci
1128 2986 1162 3046 in
1175 2983 1287 3046 ecclesia

349 3082 471 3159 sepulti.
523 3083 704 3159 Baptizatus
728 3087 760 3144 et
780 3083 845 3143 Yffi
865 3083 950 3144 filius
970 3083 1096 3156 osfridi,
1120 3085 1174 3145 sed
1193 3087 1223 3144 ct
1239 3081 1284 3141 alii

348 3180 469 3241 nobiles
489 3201 523 3240 ae
544 3182 622 3259 regii
640 3182 701 3241 uiri
721 3202 784 3242 non
799 3182 896 3260 pauci.
942 3182 1061 3242 Tantus
1079 3187 1185 3243 autern
1202 3183 1285 3241 fertur

349 3282 423 3339 tune
442 3279 539 3339 fuisse
557 3279 660 3339 feruor
674 3279 748 3339 fidei
766 3299 801 3340 ac
818 3280 1008 3340 desiderium
1026 3280 1143 3341 lauacri
1159 3277 1283 3342 salutan‘s

347 3377 436 3454 genti
455 3377 790 3454 Nordanhymbrorum
802 3379 829 3452 ¹³,
847 3385 882 3437 ut
903 3379 1037 3454 quodam
1060 3383 1199 3457 tempore
1216 3379 1282 3438 Pau·

347 3476 433 3536 linus
457 3478 587 3536 ueniens
610 3496 683 3535 cum
705 3496 776 3554 rege
800 3480 832 3536 et
855 3479 963 3554 regina
982 3477 1017 3536 in
1039 3478 1153 3538 uillam
1172 3478 1279 3554 regiam,

381 3595 388 3624 ¹
407 3599 447 3645 est
458 3613 502 3645 om.
515 3597 550 3645 M.
608 3597 618 3624 ²
635 3612 697 3645 eum
708 3614 753 3646 ona
766 3594 810 3656 C¹;
826 3600 973 3659 antequam
984 3597 1023 3647 0².
1090 3599 1101 3628 ⁸
1117 3599 1235 3649 anteatiti
1244 3593 1281 3643 1¹.

347 3674 459 3736 ‘ipsam
471 3675 505 3723 M.
605 3673 778 3735 ⁵continuis‚
789 3679 864 3724 added
875 3691 905 3723 on
916 3679 1010 3735 maerin
1021 3677 1057 3725 Μ.
1166 3671 1278 3740 'pro-1

345 3751 513 3808 ²eduiniB;
532 3768 577 3801 -ne
590 3753 617 3802 C.
695 3753 746 3802 'ei
758 3770 801 3801 orn.
811 3754 842 3801 B.
924 3753 1089 3816 'quen-B¹.
1156 3756 1176 3784 ¹⁰
1190 3749 1280 3816 -guln

345 3831 541 3892 aedilbergam
558 3828 704 3892 -burgact
803 3827 821 3856 ¹¹
837 3831 967 3881 aedilhun
979 3832 1008 3882 C.
1092 3833 1112 3861 ¹²
1127 3827 1278 3892 acusque·

346 3905 365 3936 ¹³
382 3909 525 3958 nortun-O.
