2859 4334
324 246 390 310 coa
636 246 794 333 Epistola
814 245 969 314 secam

324 418 453 495 uidebis,
482 420 635 481 referente
658 420 751 483 beato
772 421 863 498 Luco,
887 421 995 500 quales
1017 440 1124 481 secum
1148 416 1275 479 comites

324 518 457 594 apostoli
479 518 598 581 Paulus
625 524 657 581 et
685 520 847 581 Barnabas
874 518 1049 593 hnbuerint,
1076 518 1152 596 quid
1180 517 1274 577 etism

324 615 393 693 ipsi,
421 616 599 695 ubicunque
620 619 830 694 deuenissent,
856 619 958 697 operis
979 618 1107 695 egerint
1162 616 1274 677 Statim

325 716 478 792 namque¹
506 720 542 776 ut
570 716 713 778 ciuitates
743 715 794 777 uel
828 718 992 796 sinagogas
1022 714 1156 794 ingressi
1189 715 1272 788 sunt,

326 814 458 873 uerbum
487 814 547 874 Dei
573 816 756 891 praedicare,
789 819 820 875 et
851 835 907 893 per
938 814 1044 876 omnia
1072 812 1276 875 disseminare

326 912 483 973 curabant.
528 910 617 987 Quod
639 914 733 974 etiam
753 917 793 988 te,
816 913 1055 974 dilectissimum
1073 911 1155 972 mihi
1173 912 1273 987 ceput,

327 1011 478 1087 sagaciter
498 1011 629 1089 cupiam,
652 1012 831 1090 ubicunque
851 1015 948 1089 potes,
970 1010 1110 1089 implere.
1155 1009 1197 1069 ln
1218 1008 1277 1068 hoc

326 1129 462 1186 namque
477 1110 641 1172 officiuma
655 1111 793 1172 Domino
806 1110 931 1186 electus,
944 1111 978 1171 in
991 1110 1070 1170 hoc'
1080 1110 1277 1169 consecratus

326 1228 367 1281 es,
392 1212 428 1269 ut
447 1208 581 1269 uerbum
602 1209 795 1286 euangelizes
814 1210 933 1270 uirtute
954 1209 1084 1284 multa⁸,
1107 1206 1277 1285 proebente

327 1308 385 1367 tibi
400 1307 552 1368 auxilium
570 1309 638 1385 ipso
653 1309 737 1386 Rege
751 1309 907 1369 uirtutum
921 1307 1058 1369 Domino
1078 1310 1186 1367 nostro
1202 1304 1277 1365 Iesu

326 1406 459 1467 Christo.
506 1406 595 1482 Quod
623 1407 667 1467 ita
694 1408 755 1468 rite
781 1406 922 1485 perficies
943 1408 979 1482 si,
1004 1406 1182 1482 ubicunque
1208 1422 1277 1481 per·

326 1504 457 1579 ueneris,
479 1523 553 1564 mox
571 1504 710 1565 collectis
725 1507 763 1566 sd
778 1510 810 1567 te
832 1505 970 1565 eiusdem
991 1504 1052 1564 loci
1071 1502 1191 1576 incolis,
1213 1520 1278 1561 uer·

326 1602 403 1663 bum
417 1602 482 1663 illis
496 1604 723 1665 exhortationis
736 1604 922 1679 exhibueris,
939 1602 1036 1664 simul
1050 1609 1083 1663 et
1096 1600 1277 1678 exemplum

327 1700 456 1762 uiuendi
471 1722 534 1763 una
552 1722 625 1763 cum
642 1704 798 1778 omnibus,
816 1703 871 1781 qui
889 1707 993 1763 tecum
1013 1700 1168 1773 uenerint,
1188 1698 1276 1778 quasi

328 1800 468 1861 caelestis
481 1800 613 1862 militiae
627 1803 738 1863 ductor
750 1801 932 1863 ostenderis.

372 1914 397 1972 5.
422 1900 464 1960 Et
492 1900 584 1977 quia‘
605 1899 715 1963 latiora
739 1904 815 1963 sunt
838 1900 939 1978 spatia
959 1899 1108 1973 locorum,
1136 1917 1216 1976 quae
1238 1897 1276 1957 cd

236 2034 244 2065 ι
328 1998 535 2074 gubernacula
559 2003 631 2060 tuae
655 1999 785 2061 diocesis
806 2000 975 2077 pertinent,
1000 2017 1094 2075 quem
1115 1997 1172 2057 ut‘
1192 1996 1277 2056 solua

219 2154 233 2185 Β
327 2116 382 2173 per
395 2097 501 2157 omnia
514 2097 692 2171 discurrere,
705 2102 737 2158 et
751 2098 785 2157 in
798 2098 933 2177 singulis
944 2097 1056 2157 uiculis
1066 2098 1160 2173 etque
1169 2094 1277 2172 agellis

227 2213 247 2243 θ·
327 2194 459 2255 uerbum
473 2195 532 2256 Dei
545 2196 727 2273 praedicare,
739 2196 835 2257 etism
848 2196 924 2257 anni
937 2196 1035 2256 totius
1045 2214 1173 2255 emenso
1183 2192 1276 2254 curri·

327 2293 406 2368 culo,
430 2294 591 2369 sufficias⁸,
615 2295 827 2357 necessarium
847 2295 924 2356 satis
947 2298 1003 2368 eet,
1027 2298 1064 2354 ut
1085 2293 1192 2372 plures
1218 2291 1276 2352 tibi

326 2392 405 2451 sacri
425 2393 528 2470 operis
548 2394 724 2455 adiutores⁷
743 2394 891 2474 elsciscas,
914 2394 1112 2472 presbyteros
1129 2391 1276 2453 uidelicet
1290 2402 1374 2462 29⁰¹*

327 2491 505 2568 ordinando,
523 2494 615 2569 atque
633 2493 827 2553 instituendo
848 2494 998 2568 doctores,
1015 2492 1071 2569 qui
1089 2492 1125 2551 in
1144 2489 1277 2567 singulis

326 2590 438 2650 uiculis
451 2590 656 2668 praedicando
665 2592 725 2652 Dei
738 2592 842 2665 uerbo,
855 2595 887 2652 et
897 2590 1112 2651 consecrandis
1120 2590 1276 2667 mysteriis

327 2687 518 2763 caelestibus,
546 2709 582 2749 ac
609 2692 746 2751 maxime
772 2690 956 2769 peragendis
977 2690 1056 2749 sacri
1079 2687 1276 2765 bsptismatis

327 2787 443 2862 officiis,
468 2788 523 2848 ubi
542 2791 738 2866 oportunitas
757 2790 917 2868 ingruerit,
931 2790 1081 2850 insistant
1089 2788 1108 2849 ⁸.
1153 2787 1195 2847 In
1216 2805 1276 2865 qua

327 2887 472 2948 uidelicet
493 2888 723 2966 praedicatione
747 2889 873 2966 populis
903 2888 1086 2962 exhibenda,
1117 2886 1178 2947 hoc
1204 2904 1276 2963 prae

327 2986 436 3047 ceteris
453 2986 542 3047 omni
555 2986 707 3048 instantia
723 2987 951 3065 procurandum
965 2986 1106 3061 arbitror,
1123 2989 1161 3046 ut
1181 2985 1274 3046 fidem

327 3084 520 3161 catholicam,
538 3104 617 3163 quae
633 3086 846 3163 apestolorum
864 3084 1029 3164 symbolo·
1042 3085 1229 3158 continetur,
1245 3084 1277 3142 et

327 3183 517 3245 dominicam
553 3184 733 3260 orationem,
765 3204 861 3263 quam
897 3185 998 3244 sancti
1030 3183 1186 3261 euangelii
1220 3200 1277 3241 nos

327 3282 481 3360 scriptura
495 3284 609 3357 edocet,
626 3284 780 3357 omnium,
798 3282 852 3361 qui
869 3284 909 3343 nd
923 3286 1016 3343 tuum
1029 3283 1171 3361 regimen
1187 3280 1277 3359 perti·

329 3384 414 3455 nent,
434 3382 603 3441 memoriae
624 3381 774 3443 radicitus
794 3382 925 3460 infigere
945 3401 1042 3442 cures
1087 3381 1131 3441 Et
1151 3381 1276 3458 quidem

328 3499 445 3557 omnes,
457 3480 512 3558 qui
521 3478 667 3540 Latinam
677 3480 819 3558 linguam
829 3479 974 3540 lectionis
986 3500 1046 3541 usu
1058 3478 1235 3540 didicerunt
1243 3479 1273 3552 ¹⁰,

359 3749 495 3813 ¹nanque
508 3750 545 3800 Η.
618 3746 871 3811 ’namqne....in
883 3748 934 3798 hoc
945 3764 991 3799 cm.
1003 3747 1040 3799 Η.
1106 3748 1275 3813 ‘magnam

326 3829 336 3858 ⁴
353 3829 418 3890 quie
428 3844 472 3879 cm.
487 3828 523 3877 li.
632 3828 642 3858 ⁵
659 3830 690 3877 tu
702 3827 739 3877 M.
832 3826 843 3857 ⁰
859 3829 911 3876 -iee
922 3826 959 3876 ll.
1057 3824 1067 3855 ²
1084 3827 1140 3877 ndi.
1150 3842 1172 3877 a.
1185 3842 1225 3891 op
1239 3826 1276 3877 ll.
1404 3869 1405 3874 ,

327 3906 482 3956 'assistant
493 3904 529 3957 Μ.
598 3906 990 3966 ’cimbololl‚cndacclwcvs.
1058 3904 1078 3934 ¹·
1094 3907 1164 3956 -rint
1175 3906 1211 3956 Μ.
1404 3929 1405 3936 ι
