2859 4334
341 220 404 282 150
606 215 767 283 Historia
788 215 1021 283 Ecclesiastico
1164 224 1231 290 [cu.
1244 228 1279 277 111.
1366 1 1382 289 l

339 390 442 452 conati
470 411 665 468 nequaquam
690 391 843 466 ualebant,
874 391 995 452 dicebat
1019 389 1183 468 presbyter
1208 407 1282 447 excr-

340 490 461 565 uismos,
479 494 510 550 et
531 510 670 567 quaeque
686 493 814 566 poterat,
833 510 890 567 pro
911 490 1047 550 sedando
1062 488 1171 548 miseri
1187 488 1282 547 furora

340 589 457 666 agebat
503 589 564 650 Sed
599 609 656 649 nec
684 590 773 666 ipse,
789 588 933 666 quamuis
964 589 1104 648 multum
1137 587 1280 657 laborans

342 688 488 764 proficere
509 687 626 765 aliquid
643 687 773 749 ualebat
819 688 960 765 Cumque
979 686 1025 747 nil
1045 685 1157 746 salutis
1176 684 1283 745 furenti

342 805 501 863 superesse
526 786 692 860 uideretur,
721 790 848 862 repente
871 785 960 845 uenit
982 785 1017 845 in
1038 789 1181 845 mentem
1205 783 1283 843 abba

343 886 435 945 tissae
463 883 569 960 puluis
607 883 660 942 ille
695 884 871 961 praefatus3
914 884 1082 961 statimque
1120 881 1213 942 iussit
1245 881 1283 940 ire

344 983 529 1056 ministram,
555 985 586 1041 et
608 981 782 1057 capsellam,
806 981 841 1041 in
865 985 1022 1058 quaerat,
1049 982 1209 1042 adducam.
1247 978 1283 1038 Et

345 1101 416 1141 cum
442 1080 495 1139 illa
522 1079 673 1154 adferens,
703 1100 781 1156 quae
808 1081 892 1140 iussa
914 1083 969 1156 est,
1000 1080 1148 1141 intraret¹
1176 1078 1283 1140 atrium

345 1180 463 1252 domu's,
481 1179 516 1238 in
530 1177 618 1238 cuius
631 1178 832 1240 interioribus
848 1179 1065 1239 daemoniosus
1082 1178 1280 1256 torquebam,

345 1277 494 1338 conticuit
521 1277 575 1336 ille
603 1277 715 1352 subito,
746 1281 777 1336 et
808 1278 897 1355 quasi
926 1278 962 1337 in
993 1297 1142 1338 somnum
1174 1277 1284 1336 laxatus

347 1375 490 1453 deposuit
503 1377 605 1450 caput,
623 1376 765 1436 membra
777 1376 811 1436 in
827 1376 963 1453 quietem
977 1376 1083 1437 omnia
1096 1374 1260 1454 conposuit

465 1491 639 1538 ‘Conticuere
655 1505 757 1554 omnes,
774 1489 778 1557 Ι
793 1492 947 1554 intentique
964 1507 1010 1541 ora
1026 1491 1176 1548 tenebant,'
1296 1489 1352 1542 Μ’

349 1613 443 1672 quem
466 1611 514 1650 res
534 1592 654 1653 exitum
678 1592 815 1662 haberet,
836 1592 963 1654 solliciti
989 1595 1208 1670 exspectantes
1247 1551 1383 1654 Elida...

349 1695 421 1768 post
434 1693 629 1769 aliquantum
645 1691 739 1752 horae
751 1692 888 1768 spatium
906 1692 1021 1752 resedit
1039 1692 1095 1769 qui
1115 1690 1278 1760 uexatum,

351 1796 382 1852 et
403 1794 541 1869 grauiter
558 1791 737 1868 suspirans:
766 1791 896 1866 ‘Medd’
911 1792 1024 1868 inquit,
1052 1794 1182 1851 ‘sanum
1196 1786 1278 1864 sapio,
1385 1782 1386 1833 l

350 1889 471 1967 recepi²
505 1891 590 1949 enim
624 1909 752 1950 sensum
786 1889 885 1949 animi
911 1890 996 1950 mei'
1036 1892 1082 1950 At
1110 1889 1158 1949 illi
1186 1885 1282 1947 sedulo
1385 1872 1386 1943 t

350 1989 592 2062 sciscitabantur,
626 1990 782 2066 quomodo
809 1988 868 2048 hoc
895 1989 1083 2064 contigisset.
1141 1986 1199 2064 Qui
1229 1985 1283 2044 uit:

355 2091 445 2150 ‘Mox
474 2091 509 2148 ut
535 2088 624 2164 uirgo
653 2089 729 2147 haec
754 2108 826 2148 cum
854 2087 994 2165 capsella,
1026 2108 1121 2164 quam
1149 2085 1281 2165 perlubet,

352 2183 634 2262 adpropinquauit³
648 2183 728 2242 atrio
743 2183 855 2242 domus
873 2181 975 2257 huius,
998 2183 1166 2243 discessere
1179 2197 1283 2240 omnes.

285 2317 294 2339 .
353 2284 408 2362 qui
436 2303 487 2342 me
513 2282 704 2358 premebant,
736 2280 866 2358 spiritus
888 2281 1027 2360 maligni,
1058 2285 1091 2342 et
1118 2302 1170 2342 me
1194 2278 1285 2339 aalide

354 2401 510 2458 nusquam
538 2381 787 2457 conparuerunt.'
845 2381 933 2440 'I'unc
968 2381 1055 2441 dedit
1089 2381 1120 2439 ei
1152 2378 1285 2440 abbatissa

355 2479 583 2558 portiunculam
606 2479 644 2538 de
666 2480 794 2555 puluere
817 2479 879 2553 illo,
907 2483 939 2539 et
963 2479 1007 2538 sio
1029 2479 1102 2538 data
1126 2478 1286 2538 orationes

355 2579 543 2658 presbytero,
570 2580 693 2637 noctem
714 2578 803 2637 illam
824 2578 1052 2655 quietissimam
1074 2578 1182 2649 duxit;
1201 2591 1285 2650 neque

356 2677 474 2754 aliquid
489 2697 527 2736 ex
542 2697 578 2735 eo
595 2679 735 2753 tempore
754 2677 900 2737 nocturni
918 2676 1043 2737 timoris
1060 2680 1117 2737 aut
1131 2670 1284 2736 uexationis

356 2776 395 2836 ab
410 2776 538 2853 antiquo
548 2775 638 2834 hoste
651 2775 789 2853 pertulit.

739 2981 831 3042 CAP.
849 2981 926 3041 XII.

517 3151 545 3195 Ut
554 3145 563 3174 ⁶
573 3151 606 3196 ad
616 3151 723 3196 tumbam
733 3151 785 3196 eiua
795 3152 827 3195 stt
832 3151 948 3205 paraus
957 3149 1044 3205 ufibre
1053 3154 1159 3198 mus.

402 3285 567 3355 Saousuua
584 3282 698 3342 dehinc
717 3286 855 3360 tempone
871 3283 932 3343 fuit
945 3283 980 3343 in
999 3283 1108 3343 eodem
1122 3273 1285 3342 monasterio

188 3366 263 3458 ⁰³52„
275 3365 289 3394 ⁰
360 3382 509 3461 puerulus
530 3382 665 3459 quidam,
686 3381 781 3458 longo
801 3381 935 3442 febrium
956 3382 1154 3442 incommodo
1173 3376 1286 3458 gauter

361 3485 499 3543 uexatum.
558 3481 618 3556 Qui
645 3501 718 3540 cum
746 3481 796 3541 die
831 3481 983 3558 quadam⁶
1016 3481 1168 3541 sollicitus
1197 3478 1285 3536 boum

396 3645 403 3674 ¹
421 3647 536 3694 intrauit
549 3647 580 3694 N.
653 3643 663 3672 ²
684 3645 767 3706 recipi
779 3643 815 3692 M.
894 3642 904 3670 ²
920 3645 988 3691 abit
1000 3643 1036 3693 li.
1116 3642 1125 3672 ⁴
1142 3644 1193 3690 tto
1206 3637 1285 3688 aaut

362 3742 411 3775 was
427 3730 518 3774 cnsited
533 3729 561 3782 by
573 3729 608 3772 tte
619 3727 689 3772 scrita
700 3728 767 3782 from
778 3728 814 3771 tte
830 3727 932 3780 captata
943 3721 1012 3780 osli.
1048 3725 1073 3770 It
1088 3725 1111 3770 ta
1124 3722 1214 3768 inam
1225 3714 1285 3762 Μ’

361 3809 427 3852 lmoer
441 3808 542 3864 marcia,
555 3807 605 3851 aoid
620 3807 655 3850 tto
671 3806 782 3850 numbers
799 3804 827 3861 cs
838 3805 871 3850 aa
887 3806 923 3849 tta
934 3795 1286 3860 momenmentum

363 3889 455 3934 aliaeu
553 3883 562 3911 ⁵
578 3881 695 3944 quodam
708 3880 743 3929 M.
