<?xml version="1.0" encoding="UTF-8"?>
<!DOCTYPE html PUBLIC "-//W3C//DTD XHTML 1.0 Transitional//EN"
    "http://www.w3.org/TR/xhtml1/DTD/xhtml1-transitional.dtd">
<html xmlns="http://www.w3.org/1999/xhtml" xml:lang="en" lang="en">
 <head>
  <title>
</title>
<meta http-equiv="Content-Type" content="text/html;charset=utf-8" />
  <meta name='ocr-system' content='tesseract 3.04.00' />
  <meta name='ocr-capabilities' content='ocr_page ocr_carea ocr_par ocr_line ocrx_word'/>
</head>
<body>
  <div class='ocr_page' id='page_1' title='image "./venerabilisbaed03plumgoog_0337.png"; bbox 0 0 2859 4334; ppageno 0'>
   <div class='ocr_carea' id='block_1_1' title="bbox 123 233 1068 318">
    <p class='ocr_par' dir='ltr' id='par_1_1' title="bbox 123 233 1068 318">
     <span class='ocr_line' id='line_1_1' title="bbox 123 233 1068 318; baseline 0.001 -22"><span class='ocrx_word' id='word_1_1' title='bbox 123 247 181 296; x_wconf 76' lang='lat' dir='ltr'>cn.</span> <span class='ocrx_word' id='word_1_2' title='bbox 196 241 254 308; x_wconf 68' lang='lat' dir='ltr'>ut]</span> <span class='ocrx_word' id='word_1_3' title='bbox 425 233 540 299; x_wconf 78' lang='lat' dir='ltr'>(lentie</span> <span class='ocrx_word' id='word_1_4' title='bbox 562 233 766 318; x_wconf 57' lang='lat' dir='ltr'>eductecum.</span> <span class='ocrx_word' id='word_1_5' title='bbox 1008 237 1068 298; x_wconf 81' lang='lat'>145</span> 
     </span>
    </p>
   </div>
   <div class='ocr_carea' id='block_1_2' title="bbox 123 406 1249 3641">
    <p class='ocr_par' dir='ltr' id='par_1_2' title="bbox 123 406 1072 486">
     <span class='ocr_line' id='line_1_2' title="bbox 123 406 1072 486; baseline 0.003 -21"><span class='ocrx_word' id='word_1_6' title='bbox 123 425 216 480; x_wconf 87' lang='lat' dir='ltr'>quem</span> <span class='ocrx_word' id='word_1_7' title='bbox 230 409 262 467; x_wconf 92' lang='lat' dir='ltr'>et</span> <span class='ocrx_word' id='word_1_8' title='bbox 280 406 384 468; x_wconf 85' lang='lat' dir='ltr'>feralis</span> <span class='ocrx_word' id='word_1_9' title='bbox 403 408 547 486; x_wconf 81' lang='lat' dir='ltr'>impietas</span> <span class='ocrx_word' id='word_1_10' title='bbox 563 409 644 485; x_wconf 84' lang='lat' dir='ltr'>regis</span> <span class='ocrx_word' id='word_1_11' title='bbox 658 409 857 482; x_wconf 84' lang='lat' dir='ltr'>Brettonum,</span> <span class='ocrx_word' id='word_1_12' title='bbox 875 411 906 468; x_wconf 94' lang='lat' dir='ltr'>et</span> <span class='ocrx_word' id='word_1_13' title='bbox 920 408 1072 485; x_wconf 71' lang='lat' dir='ltr'><strong>apostasia</strong></span> 
     </span>
    </p>

    <p class='ocr_par' dir='ltr' id='par_1_3' title="bbox 123 505 1072 585">
     <span class='ocr_line' id='line_1_3' title="bbox 123 505 1072 585; baseline 0.003 -22"><span class='ocrx_word' id='word_1_14' title='bbox 123 505 251 566; x_wconf 87' lang='lat' dir='ltr'>demens</span> <span class='ocrx_word' id='word_1_15' title='bbox 264 526 374 584; x_wconf 79' lang='lat' dir='ltr'>regum</span> <span class='ocrx_word' id='word_1_16' title='bbox 388 509 566 585; x_wconf 83' lang='lat' dir='ltr'>Anglorum</span> <span class='ocrx_word' id='word_1_17' title='bbox 581 507 797 568; x_wconf 78' lang='lat' dir='ltr'>detestabilem</span> <span class='ocrx_word' id='word_1_18' title='bbox 810 508 932 568; x_wconf 78' lang='lat' dir='ltr'>fecerat.</span> <span class='ocrx_word' id='word_1_19' title='bbox 973 508 1072 585; x_wconf 84' lang='lat' dir='ltr'>Siqui-</span> 
     </span>
    </p>

    <p class='ocr_par' dir='ltr' id='par_1_4' title="bbox 123 603 1072 783">
     <span class='ocr_line' id='line_1_4' title="bbox 123 603 1072 682; baseline 0.002 -18"><span class='ocrx_word' id='word_1_20' title='bbox 123 603 204 680; x_wconf 93' lang='lat' dir='ltr'>dem,</span> <span class='ocrx_word' id='word_1_21' title='bbox 222 608 259 665; x_wconf 87' lang='lat' dir='ltr'>ut</span> <span class='ocrx_word' id='word_1_22' title='bbox 279 625 374 682; x_wconf 79' lang='lat' dir='ltr'>supra</span> <span class='ocrx_word' id='word_1_23' title='bbox 393 607 564 682; x_wconf 79' lang='lat' dir='ltr'><strong>docuimus,</strong></span> <span class='ocrx_word' id='word_1_24' title='bbox 582 607 732 667; x_wconf 90' lang='lat' dir='ltr'>unanimo</span> <span class='ocrx_word' id='word_1_25' title='bbox 751 607 896 667; x_wconf 91' lang='lat' dir='ltr'>omnium</span> <span class='ocrx_word' id='word_1_26' title='bbox 918 627 1072 667; x_wconf 88' lang='lat' dir='ltr'>consensu</span> 
     </span>
     <span class='ocr_line' id='line_1_5' title="bbox 124 702 1072 783; baseline 0.002 -21"><span class='ocrx_word' id='word_1_27' title='bbox 124 702 285 764; x_wconf 88' lang='lat' dir='ltr'>firmatum</span> <span class='ocrx_word' id='word_1_28' title='bbox 309 708 362 779; x_wconf 80' lang='lat' dir='ltr'>est,</span> <span class='ocrx_word' id='word_1_29' title='bbox 380 709 415 765; x_wconf 90' lang='lat' dir='ltr'>ut</span> <span class='ocrx_word' id='word_1_30' title='bbox 436 725 553 764; x_wconf 89' lang='lat' dir='ltr'>nomen</span> <span class='ocrx_word' id='word_1_31' title='bbox 574 709 605 765; x_wconf 88' lang='lat' dir='ltr'>et</span> <span class='ocrx_word' id='word_1_32' title='bbox 626 705 778 765; x_wconf 83' lang='lat' dir='ltr'>memoria</span> <span class='ocrx_word' id='word_1_33' title='bbox 799 708 1012 783; x_wconf 86' lang='lat' dir='ltr'>apostatarum</span> <span class='ocrx_word' id='word_1_34' title='bbox 1033 705 1072 765; x_wconf 89' lang='lat' dir='ltr'>de</span> 
     </span>
    </p>

    <p class='ocr_par' dir='ltr' id='par_1_5' title="bbox 124 801 1069 880">
     <span class='ocr_line' id='line_1_6' title="bbox 124 801 1069 880; baseline 0 -18"><span class='ocrx_word' id='word_1_35' title='bbox 124 801 261 879; x_wconf 74' lang='lat' dir='ltr'>catologo</span> <span class='ocrx_word' id='word_1_36' title='bbox 279 823 388 880; x_wconf 83' lang='lat' dir='ltr'>regum</span> <span class='ocrx_word' id='word_1_37' title='bbox 403 803 648 864; x_wconf 84' lang='lat' dir='ltr'>Christianorum</span> <span class='ocrx_word' id='word_1_38' title='bbox 667 823 793 880; x_wconf 88' lang='lat' dir='ltr'>prorsus</span> <span class='ocrx_word' id='word_1_39' title='bbox 805 805 921 864; x_wconf 80' lang='lat' dir='ltr'>aboleri</span> <span class='ocrx_word' id='word_1_40' title='bbox 935 804 1069 879; x_wconf 78' lang='lat' dir='ltr'>deberet,</span> 
     </span>
    </p>

    <p class='ocr_par' dir='ltr' id='par_1_6' title="bbox 125 901 1245 1275">
     <span class='ocr_line' id='line_1_7' title="bbox 125 901 1190 984; baseline 0.003 -24"><span class='ocrx_word' id='word_1_41' title='bbox 125 921 225 978; x_wconf 89' lang='lat' dir='ltr'>neque</span> <span class='ocrx_word' id='word_1_42' title='bbox 243 901 356 978; x_wconf 88' lang='lat' dir='ltr'>aliquis</span> <span class='ocrx_word' id='word_1_43' title='bbox 373 923 469 980; x_wconf 79' lang='lat' dir='ltr'>regno</span> <span class='ocrx_word' id='word_1_44' title='bbox 484 921 591 962; x_wconf 90' lang='lat' dir='ltr'>eorum</span> <span class='ocrx_word' id='word_1_45' title='bbox 610 921 713 963; x_wconf 91' lang='lat' dir='ltr'>annus</span> <span class='ocrx_word' id='word_1_46' title='bbox 730 904 878 964; x_wconf 84' lang='lat' dir='ltr'>adnotari</span> <span class='ocrx_word' id='word_1_47' title='bbox 923 903 992 978; x_wconf 80' lang='lat' dir='ltr'>Quo</span> <span class='ocrx_word' id='word_1_48' title='bbox 1006 923 1074 963; x_wconf 88' lang='lat' dir='ltr'>con·</span> <span class='ocrx_word' id='word_1_49' title='bbox 1091 912 1190 984; x_wconf 62' lang='lat' dir='ltr'>Orrald</span> 
     </span>
     <span class='ocr_line' id='line_1_8' title="bbox 125 973 1244 1081; baseline 0.003 -23"><span class='ocrx_word' id='word_1_50' title='bbox 125 999 209 1076; x_wconf 89' lang='lat' dir='ltr'>pleto</span> <span class='ocrx_word' id='word_1_51' title='bbox 228 1019 384 1060; x_wconf 85' lang='lat' dir='ltr'>annorum</span> <span class='ocrx_word' id='word_1_52' title='bbox 405 1001 558 1060; x_wconf 91' lang='lat' dir='ltr'>curriculo</span> <span class='ocrx_word' id='word_1_53' title='bbox 579 1000 697 1061; x_wconf 83' lang='lat' dir='ltr'>occisus</span> <span class='ocrx_word' id='word_1_54' title='bbox 718 1005 774 1076; x_wconf 88' lang='lat' dir='ltr'>est,</span> <span class='ocrx_word' id='word_1_55' title='bbox 798 1001 965 1061; x_wconf 85' lang='lat' dir='ltr'>commisso</span> <span class='ocrx_word' id='word_1_56' title='bbox 988 1001 1075 1079; x_wconf 82' lang='lat' dir='ltr'>graui</span> <span class='ocrx_word' id='word_1_57' title='bbox 1090 973 1244 1081; x_wconf 50' lang='lat' dir='ltr'>mim,</span> 
     </span>
     <span class='ocr_line' id='line_1_9' title="bbox 125 1092 1245 1178; baseline 0.003 -21"><span class='ocrx_word' id='word_1_58' title='bbox 125 1097 251 1174; x_wconf 86' lang='lat' dir='ltr'>proelio,</span> <span class='ocrx_word' id='word_1_59' title='bbox 264 1097 302 1157; x_wconf 85' lang='lat' dir='ltr'>ab</span> <span class='ocrx_word' id='word_1_60' title='bbox 316 1099 424 1158; x_wconf 89' lang='lat' dir='ltr'>eadem</span> <span class='ocrx_word' id='word_1_61' title='bbox 439 1118 557 1176; x_wconf 86' lang='lat' dir='ltr'>pagana</span> <span class='ocrx_word' id='word_1_62' title='bbox 571 1102 664 1176; x_wconf 85' lang='lat' dir='ltr'>gente</span> <span class='ocrx_word' id='word_1_63' title='bbox 677 1119 859 1177; x_wconf 87' lang='lat' dir='ltr'>paganoque</span> <span class='ocrx_word' id='word_1_64' title='bbox 869 1120 940 1178; x_wconf 81' lang='lat' dir='ltr'>rege</span> <span class='ocrx_word' id='word_1_65' title='bbox 952 1100 1076 1160; x_wconf 83' lang='lat' dir='ltr'>Marcio·</span> <span class='ocrx_word' id='word_1_66' title='bbox 1091 1092 1154 1148; x_wconf 74' lang='lat' dir='ltr'>Aug.</span> <span class='ocrx_word' id='word_1_67' title='bbox 1166 1103 1185 1146; x_wconf 60' lang='lat'>⁵³</span> <span class='ocrx_word' id='word_1_68' title='bbox 1197 1093 1245 1145; x_wconf 82' lang='lat'>⁶⁴²·</span> 
     </span>
     <span class='ocr_line' id='line_1_10' title="bbox 125 1196 1076 1275; baseline 0.002 -19"><span class='ocrx_word' id='word_1_69' title='bbox 125 1215 204 1270; x_wconf 90' lang='lat' dir='ltr'>rum,</span> <span class='ocrx_word' id='word_1_70' title='bbox 229 1215 248 1256; x_wconf 90' lang='lat' dir='ltr'>a</span> <span class='ocrx_word' id='word_1_71' title='bbox 272 1215 335 1273; x_wconf 91' lang='lat' dir='ltr'>quo</span> <span class='ocrx_word' id='word_1_72' title='bbox 362 1201 394 1257; x_wconf 88' lang='lat' dir='ltr'>et</span> <span class='ocrx_word' id='word_1_73' title='bbox 421 1198 618 1274; x_wconf 85' lang='lat' dir='ltr'>prodecessor</span> <span class='ocrx_word' id='word_1_74' title='bbox 641 1198 708 1257; x_wconf 91' lang='lat' dir='ltr'>eius</span> <span class='ocrx_word' id='word_1_75' title='bbox 732 1196 891 1258; x_wconf 86' lang='lat' dir='ltr'>Aeduini¹</span> <span class='ocrx_word' id='word_1_76' title='bbox 915 1201 1076 1275; x_wconf 83' lang='lat' dir='ltr'>peremtus</span> 
     </span>
    </p>

    <p class='ocr_par' dir='ltr' id='par_1_7' title="bbox 126 1295 1077 1474">
     <span class='ocr_line' id='line_1_11' title="bbox 126 1295 1077 1374; baseline 0.003 -20"><span class='ocrx_word' id='word_1_77' title='bbox 126 1295 235 1369; x_wconf 67' lang='lat' dir='ltr'>fixerat,</span> <span class='ocrx_word' id='word_1_78' title='bbox 267 1296 300 1354; x_wconf 91' lang='lat' dir='ltr'>in</span> <span class='ocrx_word' id='word_1_79' title='bbox 336 1296 411 1370; x_wconf 91' lang='lat' dir='ltr'>loco,</span> <span class='ocrx_word' id='word_1_80' title='bbox 443 1297 498 1372; x_wconf 91' lang='lat' dir='ltr'>qui</span> <span class='ocrx_word' id='word_1_81' title='bbox 524 1296 635 1374; x_wconf 81' lang='lat' dir='ltr'>lingua</span> <span class='ocrx_word' id='word_1_82' title='bbox 661 1297 841 1373; x_wconf 83' lang='lat' dir='ltr'>Anglorum</span> <span class='ocrx_word' id='word_1_83' title='bbox 876 1300 1077 1374; x_wconf 87' lang='lat' dir='ltr'>nuncupatur</span> 
     </span>
     <span class='ocr_line' id='line_1_12' title="bbox 126 1394 1077 1474; baseline 0.002 -20"><span class='ocrx_word' id='word_1_84' title='bbox 126 1394 334 1469; x_wconf 73' lang='lat' dir='ltr'>Masei-felth&#39;,</span> <span class='ocrx_word' id='word_1_85' title='bbox 351 1414 434 1455; x_wconf 89' lang='lat' dir='ltr'>anno</span> <span class='ocrx_word' id='word_1_86' title='bbox 455 1395 564 1454; x_wconf 88' lang='lat' dir='ltr'>aetatis</span> <span class='ocrx_word' id='word_1_87' title='bbox 585 1415 658 1454; x_wconf 89' lang='lat' dir='ltr'>suae</span> <span class='ocrx_word' id='word_1_88' title='bbox 679 1396 948 1469; x_wconf 78' lang='lat' dir='ltr'>xxxv111.,die</span> <span class='ocrx_word' id='word_1_89' title='bbox 967 1397 1077 1474; x_wconf 84' lang='lat' dir='ltr'>quinte</span> 
     </span>
    </p>

    <p class='ocr_par' dir='ltr' id='par_1_8' title="bbox 126 1493 406 1572">
     <span class='ocr_line' id='line_1_13' title="bbox 126 1493 406 1572; baseline 0.007 -20"><span class='ocrx_word' id='word_1_90' title='bbox 126 1493 246 1554; x_wconf 84' lang='lat' dir='ltr'>mensis</span> <span class='ocrx_word' id='word_1_91' title='bbox 260 1495 406 1572; x_wconf 80' lang='lat' dir='ltr'>Augusti.</span> 
     </span>
    </p>

    <p class='ocr_par' dir='ltr' id='par_1_9' title="bbox 125 1592 1249 2854">
     <span class='ocr_line' id='line_1_14' title="bbox 165 1592 1210 1670; baseline -0.003 -18"><span class='ocrx_word' id='word_1_92' title='bbox 165 1592 263 1652; x_wconf 79' lang='lat' dir='ltr'>Cuius</span> <span class='ocrx_word' id='word_1_93' title='bbox 284 1595 399 1668; x_wconf 84' lang='lat' dir='ltr'>quanta</span> <span class='ocrx_word' id='word_1_94' title='bbox 419 1592 516 1652; x_wconf 81' lang='lat' dir='ltr'>fides³</span> <span class='ocrx_word' id='word_1_95' title='bbox 534 1593 568 1653; x_wconf 94' lang='lat' dir='ltr'>in</span> <span class='ocrx_word' id='word_1_96' title='bbox 586 1594 697 1666; x_wconf 90' lang='lat' dir='ltr'>Deum,</span> <span class='ocrx_word' id='word_1_97' title='bbox 715 1613 793 1670; x_wconf 91' lang='lat' dir='ltr'>quae</span> <span class='ocrx_word' id='word_1_98' title='bbox 813 1593 940 1655; x_wconf 90' lang='lat' dir='ltr'>deuotio</span> <span class='ocrx_word' id='word_1_99' title='bbox 960 1595 1077 1655; x_wconf 84' lang='lat' dir='ltr'>mentis</span> <span class='ocrx_word' id='word_1_100' title='bbox 1094 1603 1210 1649; x_wconf 67' lang='lat' dir='ltr'>Incola</span> 
     </span>
     <span class='ocr_line' id='line_1_15' title="bbox 125 1664 1249 1769; baseline 0.003 -19"><span class='ocrx_word' id='word_1_101' title='bbox 125 1690 228 1764; x_wconf 81' lang='lat' dir='ltr'>fuerit,</span> <span class='ocrx_word' id='word_1_102' title='bbox 246 1691 339 1752; x_wconf 86' lang='lat' dir='ltr'>etiam</span> <span class='ocrx_word' id='word_1_103' title='bbox 360 1695 431 1768; x_wconf 89' lang='lat' dir='ltr'>post</span> <span class='ocrx_word' id='word_1_104' title='bbox 453 1695 586 1752; x_wconf 86' lang='lat' dir='ltr'>mortem</span> <span class='ocrx_word' id='word_1_105' title='bbox 606 1692 763 1752; x_wconf 88' lang='lat' dir='ltr'>uirtutum</span> <span class='ocrx_word' id='word_1_106' title='bbox 781 1693 942 1753; x_wconf 76' lang='lat' dir='ltr'><strong>miraculis</strong></span> <span class='ocrx_word' id='word_1_107' title='bbox 955 1693 1074 1753; x_wconf 77' lang='lat' dir='ltr'>claruit</span> <span class='ocrx_word' id='word_1_108' title='bbox 1093 1664 1249 1769; x_wconf 48' lang='lat' dir='ltr'>fflffm</span> 
     </span>
     <span class='ocr_line' id='line_1_16' title="bbox 126 1791 1079 1870; baseline 0.001 -20"><span class='ocrx_word' id='word_1_109' title='bbox 126 1791 271 1867; x_wconf 78' lang='lat' dir='ltr'><strong>Namque</strong></span> <span class='ocrx_word' id='word_1_110' title='bbox 295 1791 328 1851; x_wconf 92' lang='lat' dir='ltr'>in</span> <span class='ocrx_word' id='word_1_111' title='bbox 351 1791 425 1864; x_wconf 91' lang='lat' dir='ltr'>loco,</span> <span class='ocrx_word' id='word_1_112' title='bbox 449 1792 504 1852; x_wconf 93' lang='lat' dir='ltr'>ubi</span> <span class='ocrx_word' id='word_1_113' title='bbox 528 1811 584 1868; x_wconf 88' lang='lat' dir='ltr'>pro</span> <span class='ocrx_word' id='word_1_114' title='bbox 607 1793 706 1869; x_wconf 81' lang='lat' dir='ltr'>patria</span> <span class='ocrx_word' id='word_1_115' title='bbox 730 1793 884 1853; x_wconf 86' lang='lat' dir='ltr'>dimicans</span> <span class='ocrx_word' id='word_1_116' title='bbox 907 1813 926 1853; x_wconf 93' lang='lat' dir='ltr'>a</span> <span class='ocrx_word' id='word_1_117' title='bbox 949 1792 1079 1870; x_wconf 83' lang='lat' dir='ltr'>paganis</span> 
     </span>
     <span class='ocr_line' id='line_1_17' title="bbox 127 1889 1079 1968; baseline 0.003 -19"><span class='ocrx_word' id='word_1_118' title='bbox 127 1889 311 1950; x_wconf 81' lang='lat' dir='ltr'>interfectus</span> <span class='ocrx_word' id='word_1_119' title='bbox 333 1892 389 1962; x_wconf 84' lang='lat' dir='ltr'>est,</span> <span class='ocrx_word' id='word_1_120' title='bbox 414 1911 512 1968; x_wconf 88' lang='lat' dir='ltr'>usque</span> <span class='ocrx_word' id='word_1_121' title='bbox 536 1891 628 1952; x_wconf 91' lang='lat' dir='ltr'>hodie</span> <span class='ocrx_word' id='word_1_122' title='bbox 652 1892 801 1952; x_wconf 87' lang='lat' dir='ltr'>sanitates</span> <span class='ocrx_word' id='word_1_123' title='bbox 823 1892 1022 1952; x_wconf 86' lang='lat' dir='ltr'>infirmorum</span> <span class='ocrx_word' id='word_1_124' title='bbox 1047 1896 1079 1952; x_wconf 91' lang='lat' dir='ltr'>et</span> 
     </span>
     <span class='ocr_line' id='line_1_18' title="bbox 127 1987 1080 2066; baseline 0.003 -19"><span class='ocrx_word' id='word_1_125' title='bbox 127 1987 294 2048; x_wconf 91' lang='lat' dir='ltr'>hominum</span> <span class='ocrx_word' id='word_1_126' title='bbox 314 1992 346 2049; x_wconf 85' lang='lat' dir='ltr'>et</span> <span class='ocrx_word' id='word_1_127' title='bbox 363 2009 508 2066; x_wconf 86' lang='lat' dir='ltr'>pecorum</span> <span class='ocrx_word' id='word_1_128' title='bbox 530 1989 678 2049; x_wconf 86' lang='lat' dir='ltr'>celebrari</span> <span class='ocrx_word' id='word_1_129' title='bbox 699 2010 764 2050; x_wconf 92' lang='lat' dir='ltr'>non</span> <span class='ocrx_word' id='word_1_130' title='bbox 782 1990 940 2051; x_wconf 85' lang='lat' dir='ltr'>desinunt.</span> <span class='ocrx_word' id='word_1_131' title='bbox 986 1991 1080 2051; x_wconf 90' lang='lat' dir='ltr'>Unde</span> 
     </span>
     <span class='ocr_line' id='line_1_19' title="bbox 126 2087 1081 2166; baseline 0.005 -21"><span class='ocrx_word' id='word_1_132' title='bbox 126 2087 268 2163; x_wconf 77' lang='lat' dir='ltr'>contigit,</span> <span class='ocrx_word' id='word_1_133' title='bbox 286 2090 320 2146; x_wconf 89' lang='lat' dir='ltr'>ut</span> <span class='ocrx_word' id='word_1_134' title='bbox 335 2088 497 2165; x_wconf 89' lang='lat' dir='ltr'>puluerem</span> <span class='ocrx_word' id='word_1_135' title='bbox 512 2088 624 2164; x_wconf 91' lang='lat' dir='ltr'>ipsum,</span> <span class='ocrx_word' id='word_1_136' title='bbox 642 2087 697 2149; x_wconf 92' lang='lat' dir='ltr'>ubi</span> <span class='ocrx_word' id='word_1_137' title='bbox 710 2108 822 2166; x_wconf 88' lang='lat' dir='ltr'>corpus</span> <span class='ocrx_word' id='word_1_138' title='bbox 836 2089 902 2150; x_wconf 88' lang='lat' dir='ltr'>eius</span> <span class='ocrx_word' id='word_1_139' title='bbox 916 2088 950 2149; x_wconf 91' lang='lat' dir='ltr'>in</span> <span class='ocrx_word' id='word_1_140' title='bbox 964 2093 1081 2149; x_wconf 90' lang='lat' dir='ltr'>terram</span> 
     </span>
     <span class='ocr_line' id='line_1_20' title="bbox 128 2186 1080 2264; baseline 0.003 -20"><span class='ocrx_word' id='word_1_141' title='bbox 128 2186 261 2260; x_wconf 87' lang='lat' dir='ltr'>conruit,</span> <span class='ocrx_word' id='word_1_142' title='bbox 279 2186 373 2246; x_wconf 85' lang='lat' dir='ltr'>multi</span> <span class='ocrx_word' id='word_1_143' title='bbox 393 2186 568 2246; x_wconf 78' lang='lat' dir='ltr'>auferentes</span> <span class='ocrx_word' id='word_1_144' title='bbox 588 2189 619 2246; x_wconf 88' lang='lat' dir='ltr'>et</span> <span class='ocrx_word' id='word_1_145' title='bbox 641 2187 675 2246; x_wconf 90' lang='lat' dir='ltr'>in</span> <span class='ocrx_word' id='word_1_146' title='bbox 696 2207 810 2264; x_wconf 88' lang='lat' dir='ltr'>aquam</span> <span class='ocrx_word' id='word_1_147' title='bbox 830 2188 994 2247; x_wconf 77' lang='lat' dir='ltr'>mittentes</span> <span class='ocrx_word' id='word_1_148' title='bbox 1014 2187 1080 2248; x_wconf 88' lang='lat' dir='ltr'>suis</span> 
     </span>
     <span class='ocr_line' id='line_1_21' title="bbox 127 2284 1080 2362; baseline 0.002 -19"><span class='ocrx_word' id='word_1_149' title='bbox 127 2303 182 2360; x_wconf 86' lang='lat' dir='ltr'>per</span> <span class='ocrx_word' id='word_1_150' title='bbox 202 2284 279 2344; x_wconf 90' lang='lat' dir='ltr'>haec</span> <span class='ocrx_word' id='word_1_151' title='bbox 300 2285 436 2344; x_wconf 90' lang='lat' dir='ltr'>infirmis</span> <span class='ocrx_word' id='word_1_152' title='bbox 455 2285 593 2346; x_wconf 90' lang='lat' dir='ltr'>multum</span> <span class='ocrx_word' id='word_1_153' title='bbox 610 2286 767 2346; x_wconf 90' lang='lat' dir='ltr'>commodi</span> <span class='ocrx_word' id='word_1_154' title='bbox 787 2285 946 2345; x_wconf 85' lang='lat' dir='ltr'>adferrent</span> <span class='ocrx_word' id='word_1_155' title='bbox 954 2288 973 2346; x_wconf 84' lang='lat'>⁴.</span> <span class='ocrx_word' id='word_1_156' title='bbox 1019 2287 1080 2362; x_wconf 83' lang='lat' dir='ltr'>Qui</span> 
     </span>
     <span class='ocr_line' id='line_1_22' title="bbox 126 2382 1082 2461; baseline 0.003 -20"><span class='ocrx_word' id='word_1_157' title='bbox 126 2382 277 2442; x_wconf 88' lang='lat' dir='ltr'>uidelicet</span> <span class='ocrx_word' id='word_1_158' title='bbox 287 2402 356 2443; x_wconf 89' lang='lat' dir='ltr'>mos</span> <span class='ocrx_word' id='word_1_159' title='bbox 366 2384 442 2442; x_wconf 86' lang='lat' dir='ltr'>adeo</span> <span class='ocrx_word' id='word_1_160' title='bbox 456 2383 636 2458; x_wconf 78' lang='lat' dir='ltr'>increbruIt,</span> <span class='ocrx_word' id='word_1_161' title='bbox 649 2387 684 2444; x_wconf 88' lang='lat' dir='ltr'>ut</span> <span class='ocrx_word' id='word_1_162' title='bbox 695 2384 845 2461; x_wconf 88' lang='lat' dir='ltr'>paulatim</span> <span class='ocrx_word' id='word_1_163' title='bbox 856 2384 958 2444; x_wconf 81' lang='lat' dir='ltr'>ablata</span> <span class='ocrx_word' id='word_1_164' title='bbox 969 2384 1082 2444; x_wconf 84' lang='lat' dir='ltr'>exinde</span> 
     </span>
     <span class='ocr_line' id='line_1_23' title="bbox 127 2479 1082 2560; baseline 0.002 -20"><span class='ocrx_word' id='word_1_165' title='bbox 127 2483 212 2540; x_wconf 88' lang='lat' dir='ltr'>terra</span> <span class='ocrx_word' id='word_1_166' title='bbox 225 2479 342 2542; x_wconf 78' lang='lat' dir='ltr'>fossam</span> <span class='ocrx_word' id='word_1_167' title='bbox 357 2483 395 2542; x_wconf 90' lang='lat' dir='ltr'>ad</span> <span class='ocrx_word' id='word_1_168' title='bbox 410 2501 593 2542; x_wconf 88' lang='lat' dir='ltr'>mensuram</span> <span class='ocrx_word' id='word_1_169' title='bbox 607 2485 743 2543; x_wconf 88' lang='lat' dir='ltr'>staturae</span> <span class='ocrx_word' id='word_1_170' title='bbox 757 2483 859 2560; x_wconf 87' lang='lat' dir='ltr'>uirilis</span> <span class='ocrx_word' id='word_1_171' title='bbox 872 2483 969 2543; x_wconf 83' lang='lat' dir='ltr'>altam</span> <span class='ocrx_word' id='word_1_172' title='bbox 983 2483 1082 2543; x_wconf 86' lang='lat' dir='ltr'>reddi·</span> 
     </span>
     <span class='ocr_line' id='line_1_24' title="bbox 127 2579 1082 2642; baseline 0.003 -3"><span class='ocrx_word' id='word_1_173' title='bbox 127 2579 218 2640; x_wconf 76' lang='lat' dir='ltr'>derit</span> <span class='ocrx_word' id='word_1_174' title='bbox 266 2579 329 2639; x_wconf 81' lang='lat' dir='ltr'>Nee</span> <span class='ocrx_word' id='word_1_175' title='bbox 352 2579 532 2640; x_wconf 86' lang='lat' dir='ltr'>mirandum</span> <span class='ocrx_word' id='word_1_176' title='bbox 556 2581 591 2640; x_wconf 92' lang='lat' dir='ltr'>in</span> <span class='ocrx_word' id='word_1_177' title='bbox 613 2581 679 2640; x_wconf 90' lang='lat' dir='ltr'>loco</span> <span class='ocrx_word' id='word_1_178' title='bbox 700 2582 812 2642; x_wconf 89' lang='lat' dir='ltr'>mortis</span> <span class='ocrx_word' id='word_1_179' title='bbox 832 2581 919 2642; x_wconf 89' lang='lat' dir='ltr'>illius</span> <span class='ocrx_word' id='word_1_180' title='bbox 939 2581 1082 2642; x_wconf 87' lang='lat' dir='ltr'>infirmos</span> 
     </span>
     <span class='ocr_line' id='line_1_25' title="bbox 127 2677 1082 2758; baseline 0.002 -20"><span class='ocrx_word' id='word_1_181' title='bbox 127 2677 241 2753; x_wconf 82' lang='lat' dir='ltr'>sanari,</span> <span class='ocrx_word' id='word_1_182' title='bbox 253 2678 308 2754; x_wconf 89' lang='lat' dir='ltr'>qui</span> <span class='ocrx_word' id='word_1_183' title='bbox 322 2698 451 2754; x_wconf 86' lang='lat' dir='ltr'>semper,</span> <span class='ocrx_word' id='word_1_184' title='bbox 464 2679 540 2738; x_wconf 91' lang='lat' dir='ltr'>dum</span> <span class='ocrx_word' id='word_1_185' title='bbox 554 2679 683 2754; x_wconf 88' lang='lat' dir='ltr'>uiueret,</span> <span class='ocrx_word' id='word_1_186' title='bbox 699 2679 835 2741; x_wconf 88' lang='lat' dir='ltr'>infirmis</span> <span class='ocrx_word' id='word_1_187' title='bbox 849 2685 882 2741; x_wconf 85' lang='lat' dir='ltr'>et</span> <span class='ocrx_word' id='word_1_188' title='bbox 894 2680 1082 2758; x_wconf 86' lang='lat' dir='ltr'>pauperibus</span> 
     </span>
     <span class='ocr_line' id='line_1_26' title="bbox 128 2774 1078 2854; baseline 0.004 -19"><span class='ocrx_word' id='word_1_189' title='bbox 128 2775 300 2851; x_wconf 83' lang='lat' dir='ltr'>consulere,</span> <span class='ocrx_word' id='word_1_190' title='bbox 324 2776 512 2854; x_wconf 79' lang='lat' dir='ltr'>elimosynas</span> <span class='ocrx_word' id='word_1_191' title='bbox 533 2778 613 2852; x_wconf 87' lang='lat' dir='ltr'>dare,</span> <span class='ocrx_word' id='word_1_192' title='bbox 633 2774 724 2854; x_wconf 72' lang='lat' dir='ltr'>opem</span> <span class='ocrx_word' id='word_1_193' title='bbox 745 2779 825 2838; x_wconf 87' lang='lat' dir='ltr'>ferre</span> <span class='ocrx_word' id='word_1_194' title='bbox 847 2798 911 2838; x_wconf 92' lang='lat' dir='ltr'>non</span> <span class='ocrx_word' id='word_1_195' title='bbox 931 2779 1078 2839; x_wconf 85' lang='lat' dir='ltr'>cessabat.</span> 
     </span>
    </p>

    <p class='ocr_par' dir='ltr' id='par_1_10' title="bbox 127 2873 1083 3149">
     <span class='ocr_line' id='line_1_27' title="bbox 127 2873 1082 2954; baseline 0.001 -20"><span class='ocrx_word' id='word_1_196' title='bbox 127 2875 173 2934; x_wconf 85' lang='lat' dir='ltr'>Et</span> <span class='ocrx_word' id='word_1_197' title='bbox 193 2873 295 2934; x_wconf 85' lang='lat' dir='ltr'>multa</span> <span class='ocrx_word' id='word_1_198' title='bbox 314 2875 441 2952; x_wconf 91' lang='lat' dir='ltr'>quidem</span> <span class='ocrx_word' id='word_1_199' title='bbox 456 2877 490 2935; x_wconf 90' lang='lat' dir='ltr'>in</span> <span class='ocrx_word' id='word_1_200' title='bbox 510 2876 576 2936; x_wconf 89' lang='lat' dir='ltr'>loco</span> <span class='ocrx_word' id='word_1_201' title='bbox 593 2877 648 2936; x_wconf 93' lang='lat' dir='ltr'>illo</span> <span class='ocrx_word' id='word_1_202' title='bbox 662 2877 712 2937; x_wconf 86' lang='lat' dir='ltr'>uel</span> <span class='ocrx_word' id='word_1_203' title='bbox 727 2876 766 2936; x_wconf 93' lang='lat' dir='ltr'>de</span> <span class='ocrx_word' id='word_1_204' title='bbox 779 2877 909 2954; x_wconf 86' lang='lat' dir='ltr'>puluere</span> <span class='ocrx_word' id='word_1_205' title='bbox 922 2877 983 2936; x_wconf 92' lang='lat' dir='ltr'>loci</span> <span class='ocrx_word' id='word_1_206' title='bbox 996 2876 1082 2936; x_wconf 91' lang='lat' dir='ltr'>illius</span> 
     </span>
     <span class='ocr_line' id='line_1_28' title="bbox 127 2973 1083 3049; baseline 0.001 -17"><span class='ocrx_word' id='word_1_207' title='bbox 127 2973 214 3034; x_wconf 77' lang='lat' dir='ltr'>fecta</span> <span class='ocrx_word' id='word_1_208' title='bbox 235 2973 392 3033; x_wconf 85' lang='lat' dir='ltr'>uirtutum</span> <span class='ocrx_word' id='word_1_209' title='bbox 413 2973 561 3035; x_wconf 88' lang='lat' dir='ltr'>miracula</span> <span class='ocrx_word' id='word_1_210' title='bbox 582 2979 770 3049; x_wconf 89' lang='lat' dir='ltr'>narrantur;</span> <span class='ocrx_word' id='word_1_211' title='bbox 791 2975 846 3034; x_wconf 86' lang='lat' dir='ltr'>sed</span> <span class='ocrx_word' id='word_1_212' title='bbox 865 2994 923 3034; x_wconf 90' lang='lat' dir='ltr'>nos</span> <span class='ocrx_word' id='word_1_213' title='bbox 937 2975 998 3035; x_wconf 92' lang='lat' dir='ltr'>duo</span> <span class='ocrx_word' id='word_1_214' title='bbox 1017 2977 1083 3034; x_wconf 84' lang='lat' dir='ltr'>tan·</span> 
     </span>
     <span class='ocr_line' id='line_1_29' title="bbox 127 3072 1079 3149; baseline 0 -17"><span class='ocrx_word' id='word_1_215' title='bbox 127 3077 210 3146; x_wconf 84' lang='lat' dir='ltr'>tum,</span> <span class='ocrx_word' id='word_1_216' title='bbox 220 3091 298 3149; x_wconf 87' lang='lat' dir='ltr'>quae</span> <span class='ocrx_word' id='word_1_217' title='bbox 308 3091 327 3132; x_wconf 91' lang='lat' dir='ltr'>a</span> <span class='ocrx_word' id='word_1_218' title='bbox 337 3072 506 3132; x_wconf 87' lang='lat' dir='ltr'>maioribus</span> <span class='ocrx_word' id='word_1_219' title='bbox 516 3074 703 3148; x_wconf 86' lang='lat' dir='ltr'>audiuimus,</span> <span class='ocrx_word' id='word_1_220' title='bbox 716 3073 828 3133; x_wconf 85' lang='lat' dir='ltr'>referre</span> <span class='ocrx_word' id='word_1_221' title='bbox 839 3073 914 3132; x_wconf 86' lang='lat' dir='ltr'>satis</span> <span class='ocrx_word' id='word_1_222' title='bbox 923 3073 1079 3132; x_wconf 83' lang='lat' dir='ltr'>duximus.</span> 
     </span>
    </p>

    <p class='ocr_par' dir='ltr' id='par_1_11' title="bbox 125 3169 1082 3641">
     <span class='ocr_line' id='line_1_30' title="bbox 174 3169 1079 3248; baseline 0.001 -19"><span class='ocrx_word' id='word_1_223' title='bbox 174 3169 248 3230; x_wconf 85' lang='lat' dir='ltr'>Non</span> <span class='ocrx_word' id='word_1_224' title='bbox 263 3171 362 3230; x_wconf 85' lang='lat' dir='ltr'>multo</span> <span class='ocrx_word' id='word_1_225' title='bbox 381 3174 450 3248; x_wconf 88' lang='lat' dir='ltr'>post</span> <span class='ocrx_word' id='word_1_226' title='bbox 465 3171 714 3231; x_wconf 86' lang='lat' dir='ltr'>interfectionem</span> <span class='ocrx_word' id='word_1_227' title='bbox 730 3171 796 3232; x_wconf 89' lang='lat' dir='ltr'>eius</span> <span class='ocrx_word' id='word_1_228' title='bbox 810 3174 917 3230; x_wconf 80' lang='lat' dir='ltr'>exacto</span> <span class='ocrx_word' id='word_1_229' title='bbox 931 3173 1079 3247; x_wconf 86' lang='lat' dir='ltr'>tempore,</span> 
     </span>
     <span class='ocr_line' id='line_1_31' title="bbox 127 3269 1082 3346; baseline -0.002 -16"><span class='ocrx_word' id='word_1_230' title='bbox 127 3269 274 3346; x_wconf 82' lang='lat' dir='ltr'>contigit,</span> <span class='ocrx_word' id='word_1_231' title='bbox 310 3271 346 3328; x_wconf 90' lang='lat' dir='ltr'>ut</span> <span class='ocrx_word' id='word_1_232' title='bbox 374 3269 501 3345; x_wconf 92' lang='lat' dir='ltr'>quidam</span> <span class='ocrx_word' id='word_1_233' title='bbox 532 3289 611 3346; x_wconf 90' lang='lat' dir='ltr'>equo</span> <span class='ocrx_word' id='word_1_234' title='bbox 639 3270 751 3330; x_wconf 88' lang='lat' dir='ltr'>sedens</span> <span class='ocrx_word' id='word_1_235' title='bbox 776 3269 837 3329; x_wconf 87' lang='lat' dir='ltr'>iter</span> <span class='ocrx_word' id='word_1_236' title='bbox 862 3269 951 3329; x_wconf 85' lang='lat' dir='ltr'>iuxta</span> <span class='ocrx_word' id='word_1_237' title='bbox 977 3269 1082 3328; x_wconf 91' lang='lat' dir='ltr'>locum</span> 
     </span>
     <span class='ocr_line' id='line_1_32' title="bbox 126 3367 1080 3446; baseline -0.001 -18"><span class='ocrx_word' id='word_1_238' title='bbox 126 3371 237 3446; x_wconf 81' lang='lat' dir='ltr'>ageret</span> <span class='ocrx_word' id='word_1_239' title='bbox 252 3367 344 3427; x_wconf 91' lang='lat' dir='ltr'>illum</span> <span class='ocrx_word' id='word_1_240' title='bbox 358 3389 365 3441; x_wconf 92' lang='lat'><strong>;</strong></span> <span class='ocrx_word' id='word_1_241' title='bbox 387 3367 475 3426; x_wconf 90' lang='lat' dir='ltr'>cuius</span> <span class='ocrx_word' id='word_1_242' title='bbox 490 3387 587 3444; x_wconf 88' lang='lat' dir='ltr'>equus</span> <span class='ocrx_word' id='word_1_243' title='bbox 601 3368 704 3428; x_wconf 81' lang='lat' dir='ltr'>subito</span> <span class='ocrx_word' id='word_1_244' title='bbox 719 3368 892 3441; x_wconf 77' lang='lat' dir='ltr'>lassescere,</span> <span class='ocrx_word' id='word_1_245' title='bbox 904 3367 1080 3440; x_wconf 83' lang='lat' dir='ltr'>consistere,</span> 
     </span>
     <span class='ocr_line' id='line_1_33' title="bbox 125 3465 1080 3545; baseline -0.003 -18"><span class='ocrx_word' id='word_1_246' title='bbox 125 3469 227 3542; x_wconf 75' lang='lat' dir='ltr'>caput</span> <span class='ocrx_word' id='word_1_247' title='bbox 248 3465 283 3524; x_wconf 89' lang='lat' dir='ltr'>in</span> <span class='ocrx_word' id='word_1_248' title='bbox 305 3469 420 3525; x_wconf 84' lang='lat' dir='ltr'>terram</span> <span class='ocrx_word' id='word_1_249' title='bbox 443 3465 604 3542; x_wconf 88' lang='lat' dir='ltr'>declinare,</span> <span class='ocrx_word' id='word_1_250' title='bbox 627 3486 755 3545; x_wconf 87' lang='lat' dir='ltr'>spumas</span> <span class='ocrx_word' id='word_1_251' title='bbox 776 3486 814 3526; x_wconf 80' lang='lat' dir='ltr'>ex</span> <span class='ocrx_word' id='word_1_252' title='bbox 835 3485 887 3526; x_wconf 90' lang='lat' dir='ltr'>ore</span> <span class='ocrx_word' id='word_1_253' title='bbox 909 3466 1080 3539; x_wconf 83' lang='lat' dir='ltr'>demittere,</span> 
     </span>
     <span class='ocr_line' id='line_1_34' title="bbox 126 3564 1081 3641; baseline 0.001 -17"><span class='ocrx_word' id='word_1_254' title='bbox 126 3569 174 3632; x_wconf 76' lang='lat' dir='ltr'>et,</span> <span class='ocrx_word' id='word_1_255' title='bbox 196 3567 381 3641; x_wconf 78' lang='lat' dir='ltr'>augescente</span> <span class='ocrx_word' id='word_1_256' title='bbox 403 3564 508 3624; x_wconf 89' lang='lat' dir='ltr'>dolore</span> <span class='ocrx_word' id='word_1_257' title='bbox 534 3565 641 3641; x_wconf 90' lang='lat' dir='ltr'>nimio,</span> <span class='ocrx_word' id='word_1_258' title='bbox 667 3565 702 3625; x_wconf 93' lang='lat' dir='ltr'>in</span> <span class='ocrx_word' id='word_1_259' title='bbox 720 3568 835 3626; x_wconf 83' lang='lat' dir='ltr'>terram</span> <span class='ocrx_word' id='word_1_260' title='bbox 859 3564 960 3641; x_wconf 87' lang='lat' dir='ltr'>coepit</span> <span class='ocrx_word' id='word_1_261' title='bbox 984 3583 1081 3625; x_wconf 86' lang='lat' dir='ltr'>ruere.</span> 
     </span>
    </p>
   </div>
   <div class='ocr_carea' id='block_1_3' title="bbox 127 3663 1085 3741">
    <p class='ocr_par' dir='ltr' id='par_1_12' title="bbox 127 3663 1085 3741">
     <span class='ocr_line' id='line_1_35' title="bbox 127 3663 1085 3741; baseline -0.004 -15"><span class='ocrx_word' id='word_1_262' title='bbox 127 3663 273 3726; x_wconf 84' lang='lat' dir='ltr'>Desiluit</span> <span class='ocrx_word' id='word_1_263' title='bbox 286 3683 388 3741; x_wconf 87' lang='lat' dir='ltr'>eques,</span> <span class='ocrx_word' id='word_1_264' title='bbox 400 3666 432 3724; x_wconf 85' lang='lat' dir='ltr'>et</span> <span class='ocrx_word' id='word_1_265' title='bbox 442 3663 603 3724; x_wconf 83' lang='lat' dir='ltr'>stramime</span> <span class='ocrx_word' id='word_1_266' title='bbox 617 3663 795 3724; x_wconf 77' lang='lat' dir='ltr'>subtracto⁵</span> <span class='ocrx_word' id='word_1_267' title='bbox 809 3663 911 3740; x_wconf 87' lang='lat' dir='ltr'>coepit</span> <span class='ocrx_word' id='word_1_268' title='bbox 924 3664 1085 3741; x_wconf 84' lang='lat' dir='ltr'>expectare</span> 
     </span>
    </p>
   </div>
   <div class='ocr_carea' id='block_1_4' title="bbox 125 3827 1086 4048">
    <p class='ocr_par' dir='ltr' id='par_1_13' title="bbox 125 3827 1086 4048">
     <span class='ocr_line' id='line_1_36' title="bbox 167 3827 1086 3890; baseline -0.002 -10"><span class='ocrx_word' id='word_1_269' title='bbox 167 3829 175 3860; x_wconf 87' lang='lat'><strong>¹</strong></span> <span class='ocrx_word' id='word_1_270' title='bbox 191 3829 289 3880; x_wconf 85' lang='lat' dir='ltr'>eduini</span> <span class='ocrx_word' id='word_1_271' title='bbox 300 3829 341 3878; x_wconf 82' lang='lat'>13¹.</span> <span class='ocrx_word' id='word_1_272' title='bbox 353 3829 377 3878; x_wconf 81' lang='lat' dir='ltr'>N</span> <span class='ocrx_word' id='word_1_273' title='bbox 390 3845 397 3890; x_wconf 74' lang='grc' dir='ltr'>ς</span> <span class='ocrx_word' id='word_1_274' title='bbox 413 3829 513 3878; x_wconf 79' lang='lat' dir='ltr'>eduino</span> <span class='ocrx_word' id='word_1_275' title='bbox 525 3829 553 3880; x_wconf 83' lang='lat' dir='ltr'>C.</span> <span class='ocrx_word' id='word_1_276' title='bbox 566 3827 606 3878; x_wconf 81' lang='lat'><em>13².</em></span> <span class='ocrx_word' id='word_1_277' title='bbox 680 3827 690 3858; x_wconf 91' lang='lat'><strong>¹</strong></span> <span class='ocrx_word' id='word_1_278' title='bbox 706 3834 791 3879; x_wconf 64' lang='lat' dir='ltr'>merea</span> <span class='ocrx_word' id='word_1_279' title='bbox 802 3835 822 3877; x_wconf 74' lang='lat' dir='ltr'>tc</span> <span class='ocrx_word' id='word_1_280' title='bbox 833 3829 901 3879; x_wconf 79' lang='lat' dir='ltr'>-fcld</span> <span class='ocrx_word' id='word_1_281' title='bbox 912 3830 944 3878; x_wconf 90' lang='lat' dir='ltr'>B.</span> <span class='ocrx_word' id='word_1_282' title='bbox 1015 3827 1026 3855; x_wconf 84' lang='lat'>¹</span> <span class='ocrx_word' id='word_1_283' title='bbox 1041 3829 1086 3878; x_wconf 83' lang='lat' dir='ltr'>uis</span> 
     </span>
     <span class='ocr_line' id='line_1_37' title="bbox 125 3907 1086 3970; baseline -0.004 -9"><span class='ocrx_word' id='word_1_284' title='bbox 125 3909 170 3961; x_wconf 70' lang='grc' dir='ltr'>Ι.</span> <span class='ocrx_word' id='word_1_285' title='bbox 183 3909 231 3970; x_wconf 67' lang='lat'>11,</span> <span class='ocrx_word' id='word_1_286' title='bbox 332 3907 341 3937; x_wconf 80' lang='lat'>¹</span> <span class='ocrx_word' id='word_1_287' title='bbox 358 3907 457 3956; x_wconf 70' lang='lat' dir='ltr'>derant</span> <span class='ocrx_word' id='word_1_288' title='bbox 469 3907 504 3957; x_wconf 84' lang='lat' dir='ltr'>ll.</span> <span class='ocrx_word' id='word_1_289' title='bbox 609 3907 619 3936; x_wconf 81' lang='lat'><strong>⁵</strong></span> <span class='ocrx_word' id='word_1_290' title='bbox 636 3911 703 3958; x_wconf 66' lang='lat' dir='ltr'>ltere</span> <span class='ocrx_word' id='word_1_291' title='bbox 714 3911 906 3968; x_wconf 54' lang='lat' dir='ltr'>&amp;mauritta</span> <span class='ocrx_word' id='word_1_292' title='bbox 916 3909 1046 3970; x_wconf 73' lang='lat' dir='ltr'>ojnudu&#39;nq</span> <span class='ocrx_word' id='word_1_293' title='bbox 1057 3911 1086 3957; x_wconf 77' lang='lat' dir='ltr'>ta</span> 
     </span>
     <span class='ocr_line' id='line_1_38' title="bbox 599 4006 617 4048; baseline 0 0"><span class='ocrx_word' id='word_1_294' title='bbox 599 4006 617 4048; x_wconf 81' lang='grc' dir='ltr'>Ῑι</span> 
     </span>
    </p>
   </div>
   <div class='ocr_carea' id='block_1_5' title="bbox 0 0 1441 4334">
    <p class='ocr_par' dir='ltr' id='par_1_14' title="bbox 0 0 1441 4334">
     <span class='ocr_line' id='line_1_39' title="bbox 0 0 1441 4334; baseline 0 0"><span class='ocrx_word' id='word_1_295' title='bbox 0 0 1441 4334; x_wconf 95' lang='lat' dir='ltr'> </span> 
     </span>
    </p>
   </div>
  </div>
 </body>
</html>
