2859 4334
114 299 173 347 cae.
188 293 222 357 1.]
417 284 532 351 Gentis
554 285 760 371 Anqlorum.
1025 291 1064 351 75

113 457 296 533 abstractus,
327 459 365 518 ad
395 459 605 521 ministerium
637 461 745 521 altaris
772 462 941 536 ordinatus,
973 466 1066 540 atque

113 557 416 635 Constantinopolim
440 559 652 636 apocrisiarius
676 561 714 620 ab
736 561 902 638 apostolica
926 564 999 621 sede
1024 562 1077 644 di,

113 659 216 716 rectus
230 658 286 730 ost,
304 657 383 716 non¹
403 659 509 718 tamen
530 658 564 718 in
585 662 710 719 terreno
732 663 934 720 conueraatus
950 661 1066 738 palatio

112 755 307 831 propositum
329 756 412 816 uitae
433 756 774 818 caelestis‘intermisit.
817 759 899 818 Nam
917 760 1065 835 quosdam

112 853 248 913 iratmm
268 873 306 912 ex
327 854 517 915 monasterio
535 875 599 930 suo,
618 856 672 932 qui
689 877 762 916 eum
784 857 883 934 gratia
903 877 1068 935 germanae

112 951 251 1012 caritatis
272 952 310 1011 ad
332 952 449 1030 regiam
463 953 573 1012 urbem
593 954 692 1013 secuti
704 958 788 1028 sunt,
805 955 840 1014 in
854 958 1066 1016 tutamentum

112 1051 215 1128 coepit
250 1051 467 1112 obseruantiae
501 1052 651 1129 regularis
686 1053 819 1130 habere;
853 1055 1001 1115 uidelicet
1030 1059 1067 1116 ut

31 1167 50 1206 a
62 1165 91 1208 ad
112 1170 223 1210 eorum
237 1169 360 1227 semper
374 1151 525 1228 exemplo,
543 1151 625 1211 siout
643 1151 709 1228 ipse
726 1152 841 1226 scribit,
859 1153 897 1212 ad
918 1154 1067 1214 orationis

31 1235 94 1338 :inp
113 1249 272 1326 placidum
300 1249 384 1324 litus,
415 1249 505 1326 quasi
532 1250 683 1311 anchorae
711 1250 787 1311 fune
814 1252 1063 1329 restringeretur,

31 1343 64 1392 ³⁸1
112 1368 184 1407 oum
206 1347 382 1407 incessabili
402 1367 564 1408 causarum
585 1348 789 1408 saecularium
810 1349 937 1426 inpulsu
958 1351 1067 1411 fluctu·

111 1451 186 1518 aret,
210 1465 454 1522 concussamque
474 1447 590 1506 saeculi
609 1447 730 1507 actibus
750 1451 890 1508 mentem
912 1448 994 1508 inter
1015 1470 1067 1509 eos

111 1545 226 1604 cotidie
256 1564 313 1621 per
342 1544 498 1605 studiosae
532 1544 675 1605 lectionis
702 1545 859 1606 roboraret
886 1546 1066 1623 alloquium.

111 1643 241 1703 Horum
254 1663 327 1719 ergo
340 1643 495 1703 consortio
510 1663 575 1703 non
589 1644 692 1704 solum
713 1663 733 1704 a
753 1645 886 1704 terrenis
904 1649 951 1706 est
968 1645 1069 1705 muni·

111 1747 165 1802 tus
179 1741 364 1818 incursibus,
383 1751 494 1802 uenam
508 1742 603 1802 etiam
615 1742 654 1802 ad
668 1740 810 1802 caelestis
825 1743 970 1803 exercitia
984 1744 1068 1803 uituo

111 1841 214 1918 magis
228 1840 389 1918 magisque
402 1861 575 1902 succensus.

155 1941 237 1999 Nam
253 1939 368 1999 hortati
383 1943 458 1999 sunt
472 1959 553 2014 euin,
570 1943 608 2000 ut
624 1939 744 2000 librum
764 1941 847 2000 beati
866 1941 924 2000 Iob
945 1942 1068 2018 magnis
1085 1953 1132 1997 flu
1141 1953 1228 1996 werre.

112 2038 295 2100 inuolutum
315 2037 555 2098 obscuritatibus
576 2039 710 2116 mystica
731 2038 988 2116 interpretatione
1009 2041 1067 2100 dis·
1084 2013 1239 2124 ffiffffl„

111 2139 234 2198 outeret
248 2159 256 2210 ;
277 2157 378 2214 neque
392 2157 504 2214 negare
518 2139 621 2214 potuit
635 2158 721 2214 opus,
739 2139 821 2216 quod
837 2139 897 2198 sibi
911 2139 1067 2199 fraternus
1084 2131 1139 2176 ³⁰¹2

110 2255 201 2296 amor
222 2235 332 2296 multis
353 2237 430 2298 utile
450 2237 594 2296 futurum
613 2236 791 2313 inponebat.
837 2237 897 2297 Sed
913 2235 1068 2297 eundem²

109 2335 239 2408 librum,
257 2336 412 2412 quomodo
427 2335 513 2395 iuxta
527 2335 666 2396 litteram
680 2334 919 2413 intellegendus,
937 2336 1070 2412 qualiter

109 2435 169 2494 ad³
192 2433 308 2494 Christi
334 2437 388 2494 et⁴
410 2434 553 2494 ecclesiae
577 2436 770 2494 sacramenta
793 2434 980 2506 referendus,
1005 2456 1068 2512 quo

110 2553 207 2593 sensu
226 2533 398 2608 unicuique
411 2533 553 2592 fidelium
575 2532 617 2593 sit
638 2532 799 2609 aptandus,
816 2553 872 2609 per
884 2533 980 2592 XXX
993 2537 1025 2593 et
1039 2533 1068 2593 V

112 2632 211 2691 libros
234 2631 437 2707 expositionis
459 2631 603 2692 miranda
626 2630 746 2692 ratione
766 2632 934 2709 perdocuit.
979 2634 1068 2708 Quod

111 2730 261 2791 uidelicet
296 2750 375 2807 opus
410 2731 444 2790 in
480 2730 565 2808 rogia
592 2729 720 2806 quidem
748 2730 824 2790 urbe
854 2731 1068 2807 apocrisiarius

111 2827 281 2903 inchoauit,
301 2829 417 2889 Romae
438 2832 544 2890 autem
562 2827 624 2888 iam
644 2829 786 2906 pontifex
800 2829 901 2889 factus
921 2830 1067 2906 expleuit.

110 2929 172 3004 Qui
188 2947 263 2988 oum
277 2927 399 2988 adhuc⁵
413 2930 493 2987 esset
507 2927 591 3004 regia
605 2926 638 2987 in
654 2927 731 2988 urbe
744 2927 872 3004 positus,
890 2931 1069 2989 nascentem

110 3027 155 3087 ibi
170 3046 288 3087 nouam
303 3025 439 3086 heresim
454 3026 493 3085 de
507 3029 591 3086 statu
606 3029 729 3086 nostrae
739 3027 982 3100 resurrectionis,
996 3047 1069 3086 oum

109 3127 187 3202 ipso,
201 3145 264 3202 quo
275 3126 399 3186 exorta⁸
412 3125 469 3198 est,
486 3123 585 3199 initio,
603 3123 733 3184 iuuante
746 3144 779 3184 se
793 3125 892 3202 gratia
901 3125 1069 3184 catholicae

110 3225 264 3297 ueritatis,
283 3221 412 3284 attriuit.
458 3222 621 3298 Siquidem
640 3223 812 3299 Flutyciusl
826 3223 966 3283 eiusdem
983 3223 1069 3282 urbis

110 3323 276 3400 epiecopus
291 3320 518 3398 dogmatizabat
532 3340 642 3398 corpus
651 3324 795 3380 nostrum
810 3321 843 3380 in
858 3321 912 3382 illa
921 3341 1069 3381 resurrec-

112 3421 209 3482 tionis
223 3420 323 3498 gloria
337 3419 532 3497 inpalpabile,
551 3419 655 3479 uentis
672 3419 823 3496 aereque⁸
838 3420 985 3480 subtilius
1002 3441 1069 3479 esse

113 3522 283 3592 futurum
307 3518 389 3595 quod
413 3518 467 3578 illo
487 3517 625 3590 audiens,
648 3518 700 3577 et’
721 3518 842 3577 ratione
862 3518 1012 3592 ueritatis,
1036 3523 1069 3579 et

112 3618 260 3695 exemplo
275 3617 450 3678 dominicae
464 3617 705 3690 resurrectionis,
723 3616 869 3693 probauit
882 3617 942 3677 hoc
956 3618 1069 3695 dogma

147 3787 155 3816 ¹
173 3802 225 3836 nec
236 3785 267 3836 C.
355 3784 365 3813 '
380 3783 493 3833 eandem
506 3783 551 3834 au.
636 3781 645 3810 ³
664 3785 691 3831 et
704 3781 738 3830 ad
750 3780 785 3829 ll.
869 3779 878 3808 ⁴
895 3784 923 3830 et
935 3797 978 3829 om.
992 3783 1019 3830 c.
1033 3783 1065 3833 N.

111 3864 121 3894 ⁵
139 3865 229 3914 adhuc
247 3879 293 3913 cnr.
305 3863 340 3914 M.
424 3863 434 3893 ⁶
449 3877 483 3911 ex
493 3877 546 3925 quo
558 3863 618 3910 orta
630 3859 664 3909 M.
741 3857 752 3887 ²
768 3857 912 3920 euthycius
924 3860 944 3908 C
956 3875 962 3920 ς
979 3861 1067 3908 euthi-

110 3947 171 3994 cius
183 3945 225 4004 N;
243 3941 386 4006 eutychius
398 3941 429 3991 B.
520 3939 529 3968 ¹
546 3941 655 4002 aerique
667 3939 741 3988 MSS.
829 3938 839 3965 '
855 3952 888 3986 ex
900 3939 933 3986 N.
