2859 4334
324 242 366 304 58
595 237 753 305 Historia
775 236 1006 304 Ecclesiastico
1175 247 1242 314 [Len
1254 253 1276 302 1.

323 416 447 490 leqltimo
461 416 591 490 coniaqio
603 418 691 474 natas
697 413 808 487 fuerat,
825 415 876 488 qni
890 415 1019 473 dicebat:
1042 413 1136 472 ‘Ecce
1149 413 1278 472 enimin
1296 421 1328 464 m
1337 419 1373 470 ts

324 515 528 588 iniquitatibus
541 517 690 588 wneeptus
702 531 776 584 sum,
788 518 816 572 et
832 515 865 571 in
879 513 990 572 deliciis
1001 513 1114 587 peperit
1126 530 1172 571 me
1186 516 1281 571 mater

323 630 388 672 mea
398 611 426 668 ¹.’
469 612 527 688 Qui
546 613 623 673 enim
643 613 677 671 in
697 612 903 685 iniquitatibus
918 615 1080 685 conopeum
1098 629 1128 670 se
1143 615 1275 680 aaroni,

323 732 342 771 a
357 713 457 771 delicta
470 729 499 771 se
511 716 615 770 natum
626 711 776 786 qemebat3
795 712 868 784 quia
879 715 980 784 portat
999 712 1034 769 in
1050 728 1130 770 rania
1149 727 1279 769 umorem
1410 703 1411 706 ’

322 812 399 883 uitii,
416 829 499 884 qnem
513 812 601 870 traeit
614 827 649 868 ea
662 809 765 868 radice.
806 809 849 867 In
869 811 973 882 quibus
989 813 1086 868 tanna
1104 811 1202 869 uerbis
1220 828 1280 868 non
1410 825 1411 874 3

322 911 507 969 amiationem
534 905 709 983 ooninqnm²
734 909 919 981 iniqnitatmn
941 909 1081 981 muriunt,
1105 909 1156 966 secl
1182 909 1280 982 mam
1409 875 1411 932 ⁴

322 1008 454 1067 uidelicet
481 1009 662 1068 uoluntatem
692 1008 870 1069 amiztionis.
929 1005 1007 1066 Sunt
1040 1008 1145 1065 etenim
1171 1009 1276 1082 malta,

322 1124 395 1181 quae
409 1108 489 1167 licita
502 1127 537 1167 ae
550 1109 685 1184 leqitima,
702 1113 729 1169 et
743 1112 840 1167 tamen
853 1107 886 1165 in
898 1123 995 1165 eonem
1007 1110 1075 1165 actn
1092 1106 1281 1179 aliquatenus

315 1207 476 1280 sodamur,·
512 1209 587 1267 siout
613 1226 695 1283 saqn
722 1207 871 1267 irascendo
897 1207 999 1280 mimas
1030 1207 1220 1279 insequimur,
1251 1210 1280 1265 et

322 1305 560 1378 tranquillitatem
573 1308 607 1365 in
620 1307 703 1366 uobis
712 1307 806 1365 anim-i
810 1305 1017 1379 perturbamus
1025 1323 1036 1376 ‚·
1054 1309 1081 1362 et
1092 1322 1158 1363 cnm
1168 1309 1279 1364 metum
1410 1343 1411 1352 κ

322 1405 368 1476 sit,
393 1405 468 1478 qaod
489 1407 594 1479 aqltnr,
619 1424 680 1466 non
698 1409 858 1465 esttamen
875 1404 1065 1478 adprobabile,
1091 1405 1169 1477 quod
1191 1407 1224 1462 in
1247 1422 1279 1463 eo

322 1505 441 1562 animus
456 1505 652 1577 perturbatur.
697 1504 805 1565 Contra
827 1504 905 1561 uitia
924 1504 1028 1576 quippe
1048 1504 1280 1576 delinquentiam
1410 1571 1411 1590 χ

323 1603 416 1662 iratus
429 1603 538 1678 fuerat,
556 1605 607 1676 qui
625 1603 756 1663 dicabat:
779 1602 942 1660 ‘Turbatus
962 1607 1004 1660 est
1017 1619 1090 1676 prae
1111 1602 1159 1660 ira
1178 1603 1281 1662 acubus
1296 1609 1388 1657 Psvir
1409 1593 1411 1650 l

321 1699 415 1760 metes!
459 1701 536 1776 Quia
551 1703 628 1761 enim
646 1720 706 1761 non
726 1701 804 1760 ualet
823 1702 884 1759 nisi
901 1701 1060 1774 tranquilla
1073 1718 1156 1759 niens
1169 1702 1205 1759 in
1218 1720 1282 1760 mro·

322 1800 515 1873 temptationis
541 1817 570 1860 se
598 1801 689 1860 lucem
716 1799 893 1873 suspendere,
922 1800 955 1857 in
983 1801 1029 1857 ira
1051 1816 1141 1858 suum
1163 1800 1282 1859 oculum

323 1899 470 1957 turbatam
485 1899 616 1970 dolebat‚·
637 1900 715 1973 qaia,
734 1899 806 1957 dnm
825 1899 901 1956 mate
919 1902 985 1956 aeta
1004 1899 1136 1958 deorsum
1156 1899 1282 1973 insequi·

322 2001 378 2070 tur,
403 1997 544 2070 confimdi
565 2001 649 2070 utqite
671 1998 783 2056 turbari
802 2015 823 2056 a
842 2013 1022 2056 stimulorum
1045 1997 1282 2071 contemptumne

321 2096 478 2169 coqebatar.
520 2096 563 2154 Et
585 2096 747 2155 laudabilis
768 2112 832 2170 erqo
854 2099 896 2154 est
919 2095 966 2154 ira
988 2099 1087 2154 contra
1106 2097 1225 2169 uitium,
1253 2101 1282 2156 et

321 2197 417 2254 tamen
430 2194 553 2267 omlasta,
565 2193 640 2267 qua⁸
656 2195 804 2254 turbatum
816 2211 846 2254 se
858 2195 984 2268 aliquem
997 2199 1109 2254 matum
1124 2197 1282 2254 indimissa

322 2292 500 2351 aestimabat.
558 2292 671 2366 Oportet
699 2294 795 2367 itaque
823 2294 981 2367 leqbimam
1008 2292 1107 2352 carreis
1133 2293 1277 2367 aquilam

322 2395 355 2448 at
378 2407 468 2449 caasa
485 2391 578 2464 prolis
600 2393 646 2464 sit,
669 2409 730 2450 nan
750 2392 930 2462 uoluntatis,·
950 2395 978 2451 et
997 2393 1095 2450 camis
1114 2394 1282 2451 commilitio

321 2491 508 2549 amandarum
530 2491 681 2550 libertinum
700 2492 740 2549 sit
755 2492 862 2565 qratia,
879 2509 940 2550 non
952 2491 1115 2564 satisfactio
1127 2493 1280 2549 uitiorum

319 2588 418 2662 Siquis
431 2607 497 2648 acra
508 2607 594 2648 suam
604 2591 752 2664 ooniuqem
762 2607 823 2649 non
832 2590 969 2663 cupidine
977 2591 1278 2664 uoluptatis‘mpius,

320 2689 372 2746 sed
398 2688 574 2748 solummodo
597 2689 784 2748 monadorum
806 2689 959 2747 liberorum
978 2691 1076 2764 qratia
1099 2690 1199 2761 utitur,
1226 2691 1283 2750 iste

315 2785 443 2860 profecto
466 2787 529 2844 sine
553 2787 589 2845 de
610 2787 743 2861 inqressu
766 2787 903 2859 etobsiad,
930 2804 981 2846 seu
1005 2787 1041 2845 de
1064 2787 1206 2846 sumendo
1234 2788 1283 2848 da

321 2886 421 2943 minio-i
448 2886 571 2958 eoqroris
597 2886 807 2960 sanquinisque
833 2887 975 2960 mysterio,
1005 2903 1059 2944 meo
1092 2890 1134 2945 est
1170 2887 1283 2946 iudicio

320 2983 548 3056 relinquendus;
570 2984 640 3057 qnia
660 2985 780 3043 anobis
793 2984 942 3058 pmleiberi
961 3002 1021 3043 non
1042 2985 1122 3044 debet
1140 2986 1279 3059 acmen,

320 3083 370 3156 qui
395 3083 428 3140 in
449 3083 514 3156 ique
532 3083 647 3156 positia
668 3084 759 3142 nescit
779 3083 886 3142 ardere.
929 3082 1003 3143 Cum
1023 3100 1092 3142 acro
1114 3102 1174 3142 non
1195 3101 1283 3142 amor

320 3182 436 3240 ortandi
454 3182 570 3254 subolis,
591 3182 641 3240 sed
656 3183 794 3240 uoluntas
812 3181 980 3240 dominatur
995 3183 1029 3241 in
1046 3200 1127 3256 opere
1145 3185 1281 3242 commi»

322 3281 416 3352 tionis,
440 3279 546 3338 babent
567 3281 702 3355 aoniuqes
726 3283 813 3340 etiam
836 3282 871 3340 de
894 3299 950 3340 saa
968 3282 1175 3355 commistione,
1200 3283 1282 3356 quod

322 3379 456 3450 defleant.
509 3379 574 3438 lloc
598 3379 676 3438 enim
700 3380 742 3438 eis
764 3379 892 3439 concedit
914 3383 1018 3439 saneta
1034 3381 1227 3454 praedicatio,
1252 3387 1283 3440 et

321 3480 418 3534 tamen
440 3475 474 3535 de
495 3477 558 3551 ipsa
575 3477 750 3536 concessione
770 3482 849 3536 metu
868 3479 1003 3537 unionem
1020 3480 1154 3538 innubit.
1195 3477 1284 3537 Nam

320 3591 387 3634 aem
410 3575 524 3634 Paulus
546 3577 690 3649 amelolas
717 3576 864 3654 dicertis!
886 3577 962 3652 ‘Qui
985 3595 1017 3637 se
1046 3578 1191 3637 continere
1217 3596 1280 3637 non
1298 3581 1374 3625 ta*

355 3745 364 3777 ¹
380 3747 449 3795 etin
463 3783 489 3796 ..
507 3747 750 3808 .moasromG.B;
767 3747 1137 3810 ducominunam,
1186 3747 1281 3799 'oon-

321 3827 426 3886 iugium
439 3824 484 3875 M¹.
497 3825 535 3875 0¹.
548 3825 590 3875 N¹.
683 3825 693 3855 ³
710 3826 776 3888 quis
788 3825 816 3876 0.
911 3827 921 3856 ⁴
938 3826 1091 3876 uoluntatis
1102 3825 1144 3876 N'.
1155 3831 1208 3875 mid
1218 3844 1246 3876 so
1256 3837 1283 3876 ut

317 3907 373 3959 stret
384 3903 419 3953 M.
