2859 4334
339 271 404 335 348
605 269 764 337 Hietomb
787 270 1020 339 Ecclcaioata'co
1177 282 1241 347 [aa.
1254 284 1282 332 v.

340 446 414 518 erat,
432 444 515 520 quod
530 444 715 505 uenerabilis
731 444 782 505 uir
795 465 859 504 non
874 445 977 504 solum
995 443 1031 503 in
1050 442 1164 521 pascha
1179 443 1285 503 transi·
1299 453 1374 523 ψ

339 541 388 602 uit
409 542 448 601 de
467 542 525 601 hoc
544 543 664 603 mundo
685 543 724 603 od
743 543 871 603 Patrem
886 566 894 617 3
915 563 1027 603 uerum
1046 543 1140 601 etiam
1160 562 1232 601 cum
1250 562 1285 601 eo
1299 526 1364 557 ’ω’

340 640 391 700 die
415 641 528 717 pascha
555 642 768 718 celebraretur,
794 664 856 720 quc
881 661 1056 719 numquam
1076 642 1166 719 priua
1189 642 1224 700 in
1243 641 1286 700 eis

339 738 415 799 locis
437 738 605 799 celebrari¹
630 742 757 802 solebat.
804 739 989 802 Gaudebant
1017 761 1090 817 ergo
1114 740 1226 800 fratres
1249 740 1286 799 de

338 837 497 915 agnitione
517 841 600 898 certa
619 842 650 899 et
669 840 821 900 catholica
836 840 986 917 temporis
1004 838 1177 916 paschalie3
1198 838 1286 898 laets·

337 935 453 995 bantur
472 937 511 997 de
536 937 708 1013 patrocinio
732 938 891 1016 pergentis
914 938 953 998 ad
980 938 1154 998 Dominum
1178 936 1282 1013 patris,

337 1054 392 1111 per
416 1054 510 1111 quem
532 1036 657 1097 fuerant
685 1038 834 1111 correcti;
853 1036 857 1117 Ι
876 1036 1089 1114 gratulabatur
1112 1034 1175 1110 ille,
1204 1034 1283 1112 quod
1298 1048 1376 1099 ιηςι

337 1136 466 1192 eatenus
486 1134 519 1193 in
541 1154 633 1194 came
653 1140 797 1195 seruatus
813 1140 869 1210 est,
888 1136 986 1196 donec
1007 1134 1154 1194 illumin
1172 1134 1284 1211 pascha

336 1230 420 1290 diem
448 1252 521 1291 suos
545 1233 708 1310 auditores,
741 1254 836 1312 quem
863 1251 986 1312 semper
1012 1238 1104 1295 autea
1130 1234 1281 1305 ditabant,

336 1329 491 1407 suscipere
514 1352 548 1391 ac
573 1352 679 1393 secum
700 1354 790 1411 agere
813 1333 941 1394 uideret
988 1334 1101 1410 Sicque
1124 1336 1227 1392 certus
1246 1332 1283 1391 de

337 1428 464 1490 illorum
487 1431 675 1491 correctione
698 1432 970 1492 reuerentissimus
992 1435 1081 1509 pater
1105 1430 1382 1503 enunciamus

337 1529 373 1587 ut
386 1528 506 1589 uideret
520 1530 603 1589 diem
615 1530 765 1605 Domini;
786 1530 868 1592 uidit
882 1534 914 1591 et
928 1530 1055 1609 gauisus
1069 1527 1146 1589 est'.
1296 1504 1324 1554 ⁵⁶

688 1838 781 1900 OAP.
805 1838 934 1899 XXIII.

391 1990 436 2046 Qui
446 1991 477 2035 sd
488 1991 514 2034 in
521 1990 641 2045 praesenti
652 1994 730 2036 natm
739 1992 814 2048 penus
823 1990 999 2048 amoenamus
1009 1990 1142 2035 namna«
1152 1991 1229 2035 urias.

254 2146 269 2175 0
374 2115 468 2174 Auso
492 2113 663 2174 dominicae
687 2114 909 2175 incarnationis
934 2114 1115 2188 DOCXXV,
1141 2114 1196 2190 qui
1220 2117 1282 2172 erat

187 2190 217 2293 ,in
253 2265 306 2297 ao,
335 2212 457 2272 annus³
475 2212 628 2290 septimus
648 2213 748 2274 Osrici
763 2215 845 2293 regis
865 2213 1213 2291 Nordanhymbrorum,
1230 2209 1282 2287 qui
1403 2217 1404 2222 ’

174 2322 190 2361 ²·
206 2324 212 2363 ἰ
232 2284 238 2306 ’
335 2311 494 2371 Coenredo
513 2315 707 2385 successerat,
727 2311 876 2373 Uictred⁴
898 2312 984 2373 filius
1005 2311 1214 2389 Ecgberecti³,
1231 2328 1282 2369 rex

333 2408 581 2485 cantuariorum,
609 2411 776 2471 defimotua
804 2414 852 2471 est
879 2430 964 2471 nono
989 2412 1039 2471 die
1067 2410 1282 2470 Kalendarum

333 2506 507 2582 Maiarum
529 2511 559 2568 et
581 2509 676 2585 regni,
695 2510 777 2585 quod
798 2530 855 2586 per
875 2509 1045 2569 XXXIIII
1066 2508 1164 2568 semis
1185 2526 1282 2567 annos

332 2605 466 2679 tenebat,
491 2606 574 2666 filios
594 2610 664 2682 tres,
691 2608 959 2683 Aedilberctum⁰,
987 2607 1226 2680 eadberctum’,
1252 2608 1282 2664 et

331 2702 482 2779 Airicum,
501 2705 628 2781 reliquit
642 2704 778 2767 heredes
822 2709 920 2767 Anno
938 2710 1122 2785 postquem
1139 2706 1281 2783 proximo

331 2800 444 2861 Tobiae
463 2803 630 2863 Hrofensis
647 2804 793 2865 ecclesiae
812 2806 936 2882 praesul
957 2806 1126 2867 defunctus
1146 2810 1205 2876 est,
1222 2806 1277 2872 uir,

189 2920 211 2949 u·
263 2940 269 2951 ·
296 2882 302 2905 '
331 2901 367 2959 ut
391 2919 484 2975 supra
511 2900 723 2978 meminimus,
750 2904 957 2966 doctissimus.
1002 2905 1079 2964 Erat
1108 2903 1197 2963 euim
1225 2902 1282 2962 dis·

332 2996 453 3073 cipulus
466 2998 573 3059 beatae
591 3002 760 3062 memoriae
776 3002 996 3079 magistrorum
1015 3003 1174 3063 Theodori
1186 3002 1280 3062 archi-
1400 3009 1401 3018 ’

331 3096 474 3172 episcopi,
503 3101 534 3157 et
558 3098 679 3159 abbatis
699 3100 877 3177 Hadriani;
899 3103 991 3177 unde,
1018 3105 1054 3161 ut
1075 3101 1200 3161 dictum
1223 3104 1278 3162 eat.

331 3211 402 3252 eum
430 3196 605 3256 eruditione
636 3195 813 3259 litterarum
840 3200 893 3259 uel
921 3200 1201 3260 ecclesiasticarum
1229 3198 1279 3259 uel

330 3292 529 3369 generalium,
557 3294 601 3355 ita
630 3296 762 3357 Grecam
791 3319 914 3376 quoque
938 3320 1010 3359 cum
1035 3300 1151 3359 Latina
1176 3299 1281 3358 didicit

330 3387 478 3464 linguam,
506 3395 630 3453 uttam
654 3400 746 3455 notos
773 3416 808 3456 ao
828 3398 1000 3457 familiares
1022 3397 1083 3457 sibi
1111 3416 1165 3457 eas
1188 3418 1281 3475 quam

331 3488 503 3549 natiuitatis
517 3510 590 3551 suae
604 3492 774 3569 loquellam
793 3495 930 3557 haberet
976 3496 1127 3573 Sepultus
1143 3516 1220 3556 uero
1234 3500 1280 3555 eat

330 3584 364 3643 in
377 3587 497 3659 porticu
514 3592 614 3650 sancti
629 3592 721 3652 Pauli
739 3593 880 3670 apostoli,
898 3614 996 3674 quam
1012 3597 1098 3655 intro
1120 3596 1279 3655 ecclesiam

362 3748 369 3777 ¹
387 3766 425 3799 ·re
436 3753 464 3802 C.
476 3754 516 3804 B'.
583 3755 593 3785 ¹
608 3761 795 3821 gratulabatur
807 3801 814 3814 .
826 3802 832 3813 .
847 3801 854 3814 .
865 3765 976 3827 geniem
986 3767 1028 3814 est
1038 3780 1086 3816 cm.
1098 3764 1133 3814 N.
1207 3766 1218 3793 ⁸
1232 3780 1279 3815 an·

329 3840 381 3875 nus
392 3844 436 3879 oen.
449 3830 483 3880 M.
497 3832 542 3893 11,
651 3838 660 3867 ¹
678 3842 802 3891 uuictred
813 3842 838 3891 ll
850 3858 858 3903 ;
874 3844 1007 3893 uuicbred
1019 3841 1067 3904 C¹;
1083 3844 1230 3895 uuicbtred
1239 3844 1276 3894 0¹.

329 3902 339 3933 ⁸
354 3907 447 3955 -bereti
460 3910 483 3957 N
493 3927 500 3971 ;
517 3916 620 3972 descclitc
630 3921 658 3966 in
669 3920 698 3969 0.
713 3920 744 3971 B.
797 3920 808 3950 ⁸
824 3924 963 3973 berhtam
974 3925 1006 3975 C.
1055 3926 1065 3954 ²
1082 3926 1238 3976 -berchtum
1249 3926 1276 3975 C.
1396 3903 1397 3920 l
