2859 4334
368 261 413 324 90
640 257 799 324 Historia
819 256 1049 323 Ecclesiastico
1204 265 1292 332 [run

369 453 492 512 quoque
511 435 603 510 alque
624 433 802 493 Scottorum
822 435 938 509 gentes,
960 452 1039 509 quse
1058 430 1294 509 septentrionales

370 533 542 593 Brittoniee
553 533 631 592 fines
645 533 763 606 tenent,
778 531 915 590 maxims
929 551 968 589 ex
982 533 1068 606 perte
1078 530 1258 607 perdomuit,
1270 547 1294 588 ec

369 631 549 692 tributarias
563 630 645 691 fecit.
688 630 750 690 Sed
765 630 839 688 hsec
852 629 1063 705 postmodum

411 729 586 789 Defunctus
614 747 687 788 uero
715 731 764 788 eet
791 747 846 786 rex
872 723 1071 787 Aedilberct¹
1101 727 1152 787 die
1179 723 1295 786 XXIIII

370 827 489 888 mensis
515 827 673 888 Februarii
696 829 767 904 post
789 825 852 886 XX
876 829 908 885 et
932 845 1033 886 unum
1057 844 1156 886 annos
1176 827 1297 902 seceptee

370 926 452 997 fidei,
473 930 565 1003 utque
585 927 619 986 in
636 924 777 1003 porticu²
790 923 889 984 suncti
908 924 1038 984 Martini
1057 924 1142 984 intro
1160 923 1297 984 eeclesiu

369 1023 531 1085 beatorum
551 1024 763 1101 apostolorum
777 1023 865 1082 Petri
882 1025 914 1083 et
931 1022 1025 1082 Psuli
1045 1023 1193 1098 sepultus,
1210 1021 1298 1080 ubiet

370 1124 508 1183 Berctae³
523 1124 630 1199 regins
644 1122 769 1182 condite
783 1124 837 1182 est

410 1221 471 1295 Qui
492 1221 574 1280 iuter
594 1223 695 1280 cetera
715 1220 804 1294 bone,
827 1239 908 1296 quse
928 1219 1015 1296 genti
1034 1239 1109 1280 sues
1128 1216 1299 1279 consulendo

369 1319 553 1392 conferebat,
565 1320 659 1379 etiam
670 1319 793 1378 decretu
807 1318 855 1377 illi
868 1317 1063 1395 iudiciorum,
1075 1318 1164 1378 iuxta
1176 1315 1300 1392 exemplu

369 1420 590 1493 Romanorum,
599 1437 670 1478 cum
680 1417 809 1477 consilio
827 1413 832 1496 Ι
850 1417 1040 1494 sapientium
1048 1416 1225 1490 constituit;
1237 1432 1301 1492 quse
1312 1427 1358 1470 tlt

370 1517 542 1593 conscripta
562 1516 740 1594 Anglorum
763 1535 907 1575 sermone
930 1517 1081 1576 hactenus
1101 1515 1257 1586 habentur,
1280 1514 1301 1572 et

370 1616 576 1676 obseruantur
589 1617 628 1676 ab
638 1635 683 1675 en
722 1615 762 1675 In
777 1615 891 1692 quibus
905 1615 1051 1692 primitus
1063 1615 1177 1691 posuit,
1188 1612 1302 1690 qualiter

370 1715 403 1775 id
424 1715 588 1774 emendare
609 1714 741 1787 deberet,
759 1713 814 1790 qui
833 1713 952 1790 aliquid
971 1733 1076 1773 rerum
1093 1713 1146 1773 uel
1165 1711 1300 1779 ecclesiae,

370 1815 420 1874 uel
442 1813 585 1890 episcopi,
607 1813 659 1872 uel
680 1811 872 1889 reliquorum
892 1811 1039 1872 ordinum
1059 1811 1144 1872 furto
1164 1811 1301 1882 auferret;

371 1913 481 1972 uolens
492 1913 609 1970 scilicet
621 1910 788 1970 tuitionem
797 1910 851 1984 eis,
864 1930 943 1987 quos
953 1913 985 1970 et·
995 1930 1131 1987 quorum
1145 1910 1302 1972 doctricem

371 2014 555 2087 susceperat,
573 2013 734 2087 prsestsre

412 2111 487 2169 Erat
506 2112 610 2168 autem
632 2108 715 2168 idem
732 2105 1305 2182 Aedilberct⁴filius1rminricicuius

370 2213 457 2286 peter
477 2209 561 2280 Octo,
579 2207 666 2267 cuius
687 2210 776 2283 petor
794 2206 882 2266 Oen'c
901 2210 1107 2283 cognomento
1126 2207 1205 2280 Oisc,
1222 2223 1304 2280 sque

370 2327 457 2384 reges
484 2305 722 2366 Centusriorum
749 2303 851 2364 solent
879 2304 1041 2382 Oiscinges
1072 2303 1302 2382 cognominaret

370 2405 467 2466 Cuius
481 2408 569 2481 pater
582 2403 746 2480 Hengist⁸,
765 2403 820 2479 qui
835 2422 908 2463 cum
921 2402 988 2462 filio
1008 2423 1066 2464 suo
1085 2404 1158 2464 Oisc
1171 2403 1305 2463 inuitatus

370 2523 388 2564 a
416 2503 607 2580 Uurtigerno
635 2503 824 2562 Brittaniam
852 2503 973 2578 primus
1000 2502 1140 2578 intrauit,
1167 2506 1203 2563 ut
1227 2517 1305 2578 supin

371 2603 544 2663 retulimus.

267 2741 284 2772 n
296 2742 332 2773 ro-
412 2703 458 2761 At
477 2720 551 2760 uero
571 2703 643 2777 post
664 2701 798 2759 mortem
819 2699 1037 2774 Aedilbercti⁷,
1058 2720 1130 2760 cum
1151 2701 1233 2760 filins
1251 2698 1307 2757 eius

200 2789 284 2892 *scopon
294 2789 321 2832 ³¹¹
371 2800 511 2861 Esdbeld
525 2798 613 2874 regni
632 2797 841 2875 gubernacula
859 2797 1051 2875 suscepisset,
1068 2819 1184 2878 msgno
1197 2797 1308 2859 tenellis

270 2881 276 2901 ’
371 2898 524 2959 ibisdhuc
533 2897 677 2957 eeclesiae
688 2896 855 2955 crementis
865 2896 1053 2957 detrimento
1061 2898 1131 2958 fuit
1163 2897 1307 2976 Siquidem
1371 2924 1372 2931 ,

372 3018 437 3058 non
465 2997 566 3056 solum
596 2995 692 3055 fidem
723 2994 841 3055 Christi
867 2996 1002 3072 recipere
1029 2996 1182 3074 noluerat,
1207 2996 1258 3056 sed
1282 2998 1307 3052 et

371 3095 573 3155 fomiestione
592 3094 733 3170 pollutus
751 3096 801 3152 est
818 3093 882 3168 tnli,
900 3093 1025 3170 qunlem
1042 3095 1103 3154 'nec
1119 3095 1202 3156 inter
1213 3096 1307 3172 gentes

371 3195 510 3255 auditum
520 3192 678 3270 apostolus
688 3194 830 3265 testetur,
842 3192 885 3252 ite
895 3195 931 3252 ut
941 3213 1069 3253 uxorem
1079 3195 1178 3270 petris
1186 3194 1306 3254 haberet„
1319 3198 1372 3242 ,που

373 3294 441 3367 Quo
469 3297 599 3368 utroque
634 3291 748 3350 scelere
781 3292 970 3352 secesionem
1000 3292 1087 3352 dedit
1119 3295 1159 3354 sd
1189 3295 1306 3372 priorem

371 3391 527 3451 uomitum
541 3389 718 3450 reuertendi
736 3389 797 3463 his,
812 3389 868 3466 qui
883 3391 943 3449 sub
957 3391 1088 3467 imperio
1107 3393 1158 3452 sui
1175 3390 1302 3470 parentis
1316 3388 1372 3482 til]

372 3490 425 3550 uel
446 3490 551 3549 fauore
572 3489 623 3548 uel
644 3489 756 3549 timore
777 3489 869 3564 regio,
891 3489 965 3549 fidei
983 3493 1015 3549 et
1034 3491 1232 3572 castimoniae
1249 3492 1304 3550 ium
1315 3461 1372 3554 illel

373 3591 578 3665 susceperant
614 3587 678 3646 Nec
691 3606 842 3663 supemee
855 3587 977 3664 flagella
990 3588 1192 3650 districtionis
1203 3587 1304 3666 perfido
1314 3584 1337 3612 ²²

374 3685 439 3763 regi
466 3685 643 3762 castigando
671 3688 702 3745 et
730 3685 909 3763 corrigendo
937 3687 1083 3763 defuere3
1117 3709 1190 3748 num
1214 3685 1301 3747 crebre

405 3829 414 3858 ¹
432 3831 581 3880 aedilberht
592 3833 620 3882 G.
740 3831 751 3861 ¹
765 3849 807 3882 -co
819 3834 849 3883 B.
969 3833 980 3862 ⁸
997 3835 1102 3885 berctae
1113 3837 1137 3885 B
1146 3853 1153 3893 3
1169 3834 1265 3884 serres
1274 3829 1296 3876 G.

333 3963 336 3970 Ι
373 3907 589 3958 ‘aedilberhtst
639 3909 699 3960 ⁸·ri
711 3911 757 3973 11,
829 3910 984 3978 ‘heengost
996 3914 1024 3964 G.
1076 3907 1291 3965 'recubuerint
