2859 4334
329 243 391 304 168
593 239 754 306 Historia
775 238 1008 306 Ecclesiastico
1149 249 1220 315 [Lo.
1233 255 1280 306 111.

326 413 477 474 Gobbano
497 416 528 473 et
543 413 668 474 Dicullo
678 412 695 488 ¹,
713 416 745 474 et
765 414 832 491 ipse
850 412 889 474 alr
909 416 1044 474 monibus
1059 413 1172 473 muudi
1193 415 1282 473 rubras

326 512 406 572 liber
428 512 462 571 in
486 512 699 572 anchorctica¹
719 512 953 572 conuersatione
975 512 1075 572 uitam
1100 510 1193 570 finire
1214 511 1280 570 dis-

325 612 438 687 posuit.
476 613 592 671 Habar't
605 614 728 672 altarum
741 611 870 671 fratrem
884 610 1034 671 uocabulo
1053 611 1204 684 Hilarium,
1222 609 1279 686 qui

325 711 364 769 de
388 712 554 770 monosterii
567 711 738 785 probatione
761 711 906 770 diuturna
928 711 969 769 od
988 708 1190 769 heremiticam
1212 729 1281 785 per-

325 810 453 868 uenerat
473 811 576 869 uttam.
623 809 719 868 Hunc
733 828 805 885 ergo
818 810 898 868 solae
910 811 1028 884 petens,
1045 825 1159 866 aonam
1171 810 1279 866 totum
1393 822 1394 845 ³

326 926 397 967 cum
426 927 462 966 eo
490 908 523 966 in
551 907 747 967 continentia
775 912 804 966 et
832 908 1019 977 orationibus,
1051 905 1086 964 in
1120 905 1282 965 cotidianis
1393 896 1394 903 ἵ

326 1025 479 1065 manuum
499 1005 581 1065 uixit
601 1006 759 1066 mborrbua

154 1115 205 1158 anu
219 1113 310 1158 thence
368 1104 451 1163 Dein
463 1106 609 1164 turbatam
620 1106 782 1164 incursione
789 1104 953 1179 acatilr'am'
957 1104 1144 1179 amimam
1153 1100 1279 1172 uidens,
1299 1114 1343 1158 oia

154 1173 263 1218 mom
327 1205 360 1261 et
374 1203 571 1262 monasteriis
586 1221 708 1280 quoque
722 1201 896 1278 periculum
910 1201 1064 1261 inminere
1078 1200 1279 1277 praeuidens,
1298 1174 1365 1290 {f

327 1303 477 1362 dimissis*
501 1301 655 1362 ordinate¹
676 1303 811 1362 omnilms
833 1303 992 1375 naoiqaait
1016 1301 1158 1372 Galliam,
1182 1301 1285 1374 ὦίᾳικ

326 1419 345 1460 a
372 1419 436 1477 rcyc
458 1402 642 1461 Francorum
666 1400 816 1460 Hlodnio¹
840 1399 891 1458 uel
914 1401 1036 1476 patricio
1065 1399 1284 1458 arancarum
1395 1454 1396 1491 ἦ

325 1501 478 1574 horrorr'ficc
513 1505 666 1575 comptae
703 1501 912 1559 nonasterium
945 1501 1106 1559 oonstnrait
1139 1497 1175 1557 in
1210 1497 1283 1556 loco

325 1598 505 1658 Lotincaao⁸
533 1599 704 1671 nominato,
735 1616 770 1658 aa
800 1616 860 1657 noo
887 1599 979 1658 molto
1005 1603 1076 1673 post
1103 1598 1283 1671 infimitate

155 1713 285 1784 uncam
325 1703 470 1771 correptus
494 1697 578 1757 diem
604 1697 715 1757 clausit
740 1695 898 1756 ultimum.
949 1696 1045 1757 Cuius
1066 1715 1170 1772 corpas
1193 1696 1282 1758 idem
1296 1709 1341 1760 m}
1354 1725 1370 1749 ι·

154 1775 204 1816 ann
219 1773 307 1817 huual.
325 1797 557 1855 Ercunaaldus⁹
579 1797 728 1871 patricius
755 1794 917 1870 accipiens,
948 1794 1087 1854 seruauit
1110 1798 1144 1855 in
1160 1800 1282 1871 portica
1396 1868 1397 1871 Ἴ

326 1896 451 1968 qrradam
460 1892 481 1925 ¹⁰
495 1897 630 1968 ecclcsiae,
652 1914 742 1970 qaam
750 1892 770 1925 ¹¹
786 1896 817 1952 io
840 1895 915 1952 uilla
935 1913 999 1967 sua,
1027 1897 1076 1953 arri
1099 1914 1217 1954 nomeu
1239 1901 1282 1956 cat

325 1993 463 2068 Pomona,
481 1992 619 2068 faciebat,
637 1994 734 2053 donec
747 1995 814 2068 ipsa
826 1994 942 2051 ecelesia
955 1993 1150 2053 dedicaretur.
1190 1994 1279 2068 Quod

326 2091 403 2149 dum
417 2094 487 2167 post
502 2093 562 2151 dics
576 2093 714 2152 XXVII
725 2095 806 2150 esset
816 2090 943 2164 factum,
960 2093 993 2151 et
1005 2110 1109 2166 corpas
1122 2091 1227 2168 ipsum
1242 2091 1281 2152 de

326 2190 448 2264 porticu
466 2190 606 2250 ablatum
621 2210 712 2266 prope
726 2194 818 2252 altare
834 2192 916 2250 essct
928 2190 1161 2264 recondendum,
1179 2193 1280 2250 inaen-

326 2291 453 2347 tumest
466 2291 510 2348 r'ta
524 2291 653 2363 inlcuao,
671 2309 706 2349 ac
724 2293 864 2352 ricadcm
881 2292 954 2350 liora
972 2290 1006 2349 de
1026 2290 1081 2349 trac
1096 2291 1280 2364 tonsurari

327 2405 465 2462 corceone.
511 2389 570 2447 Sed
583 2391 695 2466 etpost
710 2409 805 2449 nanos
819 2391 908 2464 IIII,
926 2393 1089 2450 acrartrrrcta
1103 2390 1279 2448 damnanda

327 2484 455 2544 cultiore
476 2487 613 2563 receptui
634 2488 762 2563 corporis
782 2489 931 2564 eiusdem,
948 2490 989 2548 ad
1001 2490 1146 2546 orientem
1164 2489 1276 2557 attritis,

326 2584 427 2643 adhuc
461 2585 528 2644 sine
563 2589 679 2646 oracula
713 2588 918 2664 corruptionis
952 2587 1127 2658 inuentum,
1158 2585 1278 2646 ibidem

326 2680 422 2758 digno
450 2701 522 2741 cum
549 2682 667 2742 honore
693 2683 876 2744 translatum
898 2688 965 2757 est;
995 2685 1047 2742 obi
1071 2685 1176 2743 merita
1196 2684 1280 2740 dlicta

326 2780 436 2838 multis
450 2799 540 2855 saepo
554 2783 674 2840 constat
694 2782 760 2840 Deo
777 2784 924 2859 operante
945 2781 1089 2841 claruisse
1107 2782 1276 2840 uirtutibus

326 2878 412 2937 Haec
444 2881 475 2936 et
484 2877 504 2908 ¹²
533 2879 571 2937 de
606 2880 743 2955 corporis
777 2880 845 2940 eius
874 2879 1107 2957 incorruptione
1140 2879 1280 2939 breuiter

325 2976 485 3052 attigimus
495 2975 522 3052 ¹³,
541 2982 585 3052 ut,
602 2982 720 3054 quanta
733 2981 814 3037 esset
828 2977 888 3038 uiri
901 2976 1089 3051 sublimitas,
1103 2976 1281 3055 legentibus

326 3075 430 3134 notius
451 3077 603 3136 existeret.
626 3077 630 3150 Ι
649 3077 735 3151 Quae
754 3079 865 3137 cuncta
878 3076 912 3136 in
927 3076 1034 3136 libello
1047 3077 1116 3135 eius
1128 3074 1282 3135 sufficien·
1298 3083 1313 3124 t-
1328 3095 1371 3119 Μ

327 3173 397 3247 tine,
430 3175 482 3233 sed
511 3177 542 3233 et
566 3176 604 3234 de
632 3174 702 3234 aliis
729 3175 987 3234 conmilitonibus
1014 3174 1121 3250 ipsius,
1146 3172 1281 3252 quisquc

325 3271 471 3349 legerit¹⁴‚
489 3273 637 3334 inueniet.

357 3433 365 3462 ¹
383 3434 480 3482 dicullo
489 3434 521 3484 N.
570 3433 580 3461 ¹
596 3435 738 3484 anchorita
747 3435 784 3485 Μ.
837 3433 846 3462 ³
862 3436 985 3497 gentium
998 3435 1028 3484 C.
1084 3435 1094 3464 ⁴
1110 3434 1227 3484 disarius
1240 3435 1281 3484 Η.

323 3511 333 3540 ¹
351 3513 397 3559 -tis
409 3513 448 3561 Sl.
531 3513 541 3541 ⁸
557 3513 672 3561 hloduiu
683 3513 725 3573 N;
742 3513 871 3563 lodowico
882 3513 919 3563 Sl.
996 3511 1006 3539 ¹
1024 3511 1220 3562 hercun¹u'aldo
1235 3514 1280 3566 N:

324 3591 486 3638 erchonaldo
498 3591 535 3640 Sl.
626 3591 635 3618 ¹
652 3592 780 3640 latiniaco
791 3592 824 3642 N.
905 3593 916 3621 ¹
932 3593 1111 3641 ercnuualdus
1123 3594 1151 3642 C.
1161 3593 1195 3648 B:
1213 3592 1282 3641 hcr-

325 3669 474 3717 cunualdue
487 3669 518 3718 N.
585 3669 602 3697 ¹⁰
620 3670 737 3730 quadum
748 3671 778 3720 C.
867 3671 884 3698 ¹¹
903 3687 983 3732 quern
996 3672 1026 3721 C.
1112 3672 1129 3700 ¹²
1143 3673 1225 3720 ctam.
1240 3671 1281 3720 n.

325 3745 343 3774 ¹⁸
359 3748 521 3810 attingimus
533 3749 577 3808 M;
594 3749 774 3810 attinguimus
786 3749 829 3798 N'.
903 3749 922 3778 ¹¹
939 3751 1034 3812 legerit
1047 3750 1147 3800 librum
1158 3750 1186 3798 B.
1196 3743 1245 3811 1³3.
