2859 4334
389 245 450 309 128
655 241 814 308 Historia
836 240 1063 307 Ecclesiastira
1211 251 1277 316 [aa.
1285 253 1315 302 111.

384 418 481 494 impis
508 437 612 490 manu,
643 417 698 478 sed
713 417 806 477 'iusta
833 417 953 477 ultione
979 415 1120 493 peremit.
1165 416 1209 475 Et
1236 415 1316 493 primo

385 517 512 595 quidem
533 516 675 593 proxime
696 519 814 576 aestate
839 514 990 590 Osricum,
1012 515 1088 575 dum
1113 534 1146 574 se
1168 515 1202 574 in
1223 513 1316 591 oppido

385 616 556 693 municipio
578 614 740 675 temerarie
762 615 940 688 obsedisset,
957 633 1127 690 erumpens
1143 614 1247 674 subito
1264 633 1315 672 cun

384 715 449 775 suis
477 714 623 774 omnibus
650 709 828 790 inparatum
852 733 925 773 cum
952 715 1019 773 toto
1047 714 1183 773 exercitu
1208 712 1314 772 deleuit

384 813 466 873 Dein
480 834 551 873 cum
565 833 648 873 anno
662 813 784 888 integro
800 812 975 888 prouincias
989 812 1313 889 Nordanhymbroruua

383 933 448 971 non
457 915 493 971 ut
505 932 556 970 rex
568 911 667 971 uictor
675 910 852 987 possideret,
866 911 921 970 sed
930 911 1018 988 quasi
1029 914 1183 988 tyrannm
1192 909 1315 970 saeuiens

383 1011 581 1088 disperderet,
598 1029 633 1070 sc
653 1009 769 1088 tragice
787 1009 879 1069 ccede
897 1009 1086 1082 dilaceraret,
1110 1009 1237 1069 tandem
1254 1009 1315 1068 Ean·

381 1109 499 1169 fridum
527 1108 704 1168 inconsulte
731 1109 770 1168 ed
799 1128 833 1167 se
859 1128 932 1168 cum
961 1108 1029 1167 XII
1059 1109 1151 1168 lectis
1177 1107 1314 1167 militibus

381 1208 585 1285 postulandae
602 1207 686 1284 pacis
706 1206 805 1283 gratia
824 1205 1015 1279 uenientem,
1033 1205 1132 1266 simili
1149 1209 1233 1267 soris
1246 1207 1314 1265 dam

382 1306 476 1367 nauit.
522 1306 684 1365 Infaustus
697 1305 754 1364 ille
771 1324 882 1380 annus,
900 1308 932 1365 et
950 1306 1098 1366 omnibus
1113 1306 1206 1366 bonis
1221 1324 1314 1365 exosus

381 1424 480 1481 usque
493 1402 585 1464 hodie
601 1405 772 1481 permanet,
790 1405 856 1464 tum
872 1406 1000 1480 propter
1015 1405 1203 1481 apostasiam
1221 1421 1314 1480 regum

381 1502 566 1580 Anglorum‚
585 1521 646 1579 qua
667 1521 700 1561 se
720 1501 794 1561 fidei
814 1503 1018 1562 sacramentis
1034 1511 1185 1563 exuerant
1195 1499 1212 1574 ¹,
1234 1522 1315 1580 quum

324 1659 327 1665 Δ
379 1599 959 1678 propteruessnam'Brettoniciregis
973 1600 1173 1678 tyrannidem
1184 1603 1203 1662 ³.
1235 1601 1315 1662 Unde

380 1697 500 1759 cunctis
531 1699 648 1775 placuit
679 1719 788 1776 regum
818 1703 962 1777 tempora
990 1700 1248 1777 computantibus
1274 1703 1312 1762 ut

379 1797 482 1857 ablate
510 1797 674 1858 demedio
703 1817 812 1874 regum
839 1799 1029 1876 perfidorum
1057 1800 1216 1875 memoria
1240 1799 1313 1860 idem

319 1924 333 1953 ο
378 1915 481 1955 annus
495 1895 654 1972 sequentis
668 1896 757 1974 regis,
771 1896 804 1956 id
818 1900 867 1956 est
883 1897 1012 1957 Osualdi
1023 1898 1042 1972 ⁴,
1055 1898 1119 1958 uiri
1133 1899 1200 1958 Deo
1212 1898 1311 1959 dilecti

243 2028 268 2070 ns
309 1983 329 2062 ‚⁸
380 2015 475 2071 regno
494 1995 733 2072 adsignaretur3
754 2015 824 2072 quo,
841 1997 912 2072 post
927 1995 1116 2056 occisionem
1132 1996 1235 2057 fratris
1248 1997 1314 2056 Fan

240 2099 276 2128 ¹¹¹·
379 2093 461 2168 iridi,
495 2093 734 2170 superueniente
765 2113 839 2153 cum
872 2113 969 2170 pemc
1002 2095 1149 2170 exercitu,
1184 2095 1236 2156 sed
1262 2093 1313 2154 fide

377 2191 494 2251 Christi
504 2191 636 2266 munito,
650 2191 801 2252 infandus
811 2194 1002 2253 Brettonum
1010 2193 1077 2272 dux
1092 2215 1167 2255 cum
1177 2193 1312 2254 inmensis

377 2289 440 2349 illis
461 2289 564 2367 copiis,
589 2289 704 2366 quibus
723 2290 804 2349 nihil
826 2291 972 2352 resistere
991 2293 1083 2369 pesse
1100 2291 1106 2373 1
1124 2294 1260 2364 ieetabst,
1276 2291 1312 2350 iu·
1325 2303 1374 2349 las

376 2390 528 2448 teremtus
550 2391 598 2448 est
622 2388 656 2448 in
678 2389 755 2464 loco,
779 2390 835 2466 qui
854 2390 963 2468 lingua
984 2391 1165 2469 Anglcrum
1186 2393 1311 2454 Denisee

376 2487 476 2546 buma
485 2487 503 2562 ⁵,
521 2486 553 2546 id
568 2490 616 2547 est
630 2487 719 2547 rium
733 2489 852 2564 Denisi,
870 2493 1008 2550 uocatur.

712 2701 716 2710 '
764 2705 857 2767 CAP.
883 2705 928 2768 11.

377 2840 442 2884 Utdc
457 2841 685 2898 ttpaocmciafflwd
702 2840 764 2884 idem
779 2853 820 2884 rec
835 2844 915 2886 cantra
932 2843 1307 2900 barucroepupmtmumut

417 2918 476 2963 inter
488 2920 617 2963 innumera
628 2919 760 2963 maitatum
770 2919 894 2978 miracuta,
908 2921 1008 2976 quidem
1019 2935 1035 2966 a
1046 2923 1145 2968 demis
1156 2925 1240 2969 tracis
1248 2923 1275 2967 ct
1374 2934 1375 2959 i

748 2996 841 3053 tantun
850 3001 956 3046 mnu.

413 3111 634 3171 Osrnamrua⁸
652 3114 758 3171 autem
773 3133 872 3189 usque
888 3115 987 3190 hodie,
1006 3119 1038 3176 et
1056 3115 1091 3177 in
1108 3137 1220 3196 magns
1235 3131 1309 3175 uene

207 3198 270 3286 ζζὸ
316 3200 328 3239 ’·
372 3208 491 3268 ratione
502 3210 633 3268 habetur
644 3210 731 3269 locus
742 3209 804 3285 ille,
819 3212 874 3271 ubi
884 3216 1039 3274 uenturus
1049 3215 1088 3275 ad
1100 3215 1181 3275 hunc
1189 3231 1308 3293 pugnam

208 3315 280 3404 ‘2⁰¹3
311 3317 334 3346 ¹⁰
372 3307 487 3364 Osuald
503 3307 629 3383 signum
648 3311 771 3368 sanctae
791 3309 889 3370 crucis
908 3312 1014 3386 erexit,
1036 3333 1073 3373 ac
1090 3313 1182 3374 flexis
1194 3312 1308 3392 genibus

278 3394 283 3411 '
372 3403 494 3462 Deum⁷
517 3406 697 3481 deprecatus
718 3410 774 3480 est,
798 3412 834 3468 ut
853 3409 887 3467 in
907 3413 996 3470 tanta
1017 3431 1125 3472 rerum
1145 3411 1307 3473 necessiea
1372 3434 1373 3503 p

370 3501 434 3560 suis
456 3503 627 3563 cultoribus
650 3503 775 3565 caelesti
798 3512 993 3569 succurreret
1013 3511 1140 3572 auxilio.
1184 3510 1307 3584 Denique

403 3648 410 3676 ¹
429 3653 503 3698 -mnt
512 3649 550 3698 13¹.
611 3651 621 3679 ¹
638 3654 779 3700 uesaniam
788 3653 859 3703 Kc.
869 3655 914 3716 H„
973 3661 1159 3720 ’tyrannim
1171 3659 1201 3708 N.
1252 3657 1307 3700 Ἢ·
1371 3674 1372 3681 ’

370 3727 461 3773 uualdi
473 3727 500 3776 O.
567 3729 576 3756 ⁵
593 3729 708 3777 daeniscs
718 3731 805 3779 burne
817 3733 856 3792 (ἒς
873 3733 997 3784 denisaes
1007 3737 1119 3786 brunna
1131 3739 1163 3788 N.
1229 3737 1305 3781 ’Μ
1371 3704 1372 3773 l

369 3807 390 3850 ts
406 3819 437 3850 nc
454 3808 521 3852 meat:
538 3809 629 3854 belum
646 3811 724 3866 ctapa.
736 3812 754 3857 i.
766 3815 817 3858 and
827 3816 853 3859 ti.
866 3815 894 3860 ta
909 3817 945 3861 ue
956 3820 1001 3863 tm
1010 3817 1039 3873 qs
1045 3815 1075 3865 C.
1111 3821 1156 3865 rac
1167 3822 1218 3865 καί
1230 3819 1306 3869 *W

369 3883 389 3926 ts
400 3886 523 3929 cumbercti
534 3887 561 3931 ii.
573 3889 599 3932 tn
612 3889 663 3945 imi,
676 3890 715 3934 tut
726 3891 763 3936 iii.
774 3892 802 3936 in
813 3895 922 3948 capitula.
1006 3891 1016 3921 ²
1033 3893 1177 3944 dominum
1187 3893 1220 3942 li.
