2859 4334
318 280 384 347 390
614 278 774 347 Historia
795 279 968 347 Abbotum

319 452 421 523 Gallie,
438 456 468 509 ct
487 451 579 521 Italis,
596 452 646 509 scd
665 456 695 509 et
713 450 875 507 Insularum
891 451 1023 523 partibus
1041 450 1178 519 lustratis,
1194 453 1268 509 auti·

319 558 438 611 quorum
450 543 559 596 statuta
570 540 805 596 monasteriorum
817 540 876 595 iam
887 540 1036 595 notissima
1047 541 1175 598 baberet.

355 632 380 685 6.
400 628 530 698 Denique
548 628 652 685 referre
669 632 731 685 erat
749 628 858 697 solitus,
872 628 941 698 quia
956 628 1097 700 regulam,
1111 646 1199 699 qnam
1217 631 1269 685 do·

319 717 413 785 cebat,
426 716 456 772 iu
469 715 674 786 antiquissimis
688 716 763 770 xm
776 719 806 771 et
818 715 920 771 vnum
931 717 1111 773 monasteriis
1121 718 1270 784 nutent

320 808 351 861 et
369 821 497 875 quaeque
514 804 683 873 ubicumque
696 802 808 873 optima
819 802 946 866 uidisset.
963 804 1045 876 haec,
1061 804 1142 875 quasi
1160 805 1192 859 in
1210 824 1270 861 sac·

319 893 383 947 culo
401 891 445 947 sui
461 891 584 961 pectoris
602 891 756 957 recondita,
777 890 1029 962 Brittanniamque
1047 893 1168 963 perlata,
1187 893 1271 949 nobis

319 981 463 1051 sequenda
486 980 645 1036 tradiderit.
689 980 744 1036 Sed
768 979 843 1036 sicut
867 980 1012 1036 Barnabas
1032 981 1185 1052 apostolua
1204 1000 1270 1038 cum
1287 993 1321 1037 cr.
1333 994 1378 1037 ses

320 1072 393 1125 esset
405 1068 451 1123 uir
462 1069 560 1133 bonus,
574 1068 733 1138 plenusque
749 1067 860 1137 Spiritu
872 1068 996 1124 Sancto¹
1011 1086 1045 1125 sc
1057 1069 1122 1137 fide,
1134 1070 1271 1127 doctunrs
1287 1054 1323 1097 ἡ
1334 1067 1368 1105 ²*
1377 1068 1399 1096 Κ

318 1156 488 1213 Antiochiae
510 1156 602 1227 primo
621 1156 701 1213 uenit
722 1156 848 1225 Tarsum,
866 1156 916 1211 ubi
935 1157 1046 1213 sciebat
1063 1174 1125 1215 esse
1143 1158 1269 1225 Bauium,

319 1264 404 1317 qucm
422 1246 500 1301 inter
517 1245 680 1300 rudimenta
701 1247 850 1314 susceptae
873 1244 940 1301 fidei
959 1262 1064 1316 magna
1081 1246 1271 1305 assuminus

320 1336 323 1404 ῑ
340 1333 509 1390 meminerat
515 1332 622 1389 indicia
629 1332 793 1402 uirtutis,ut
800 1333 855 1388 hcc
863 1350 931 1387 usus
939 1333 1069 1390 adiutore
1076 1334 1270 1393 ministerium
1289 1350 1373 1404 aas.

320 1422 408 1487 ucrbi,
428 1420 521 1477 sicut²
539 1423 737 1491 proposuerat,
755 1420 909 1490 impleret;
934 1420 983 1477 uel
1003 1422 1078 1477 mont
1097 1423 1210 1493 Moyses
1233 1426 1271 1479 ad

319 1512 455 1565 ducatum
480 1508 676 1565 israheliticae
700 1507 794 1577 plebis
817 1508 937 1578 abipso
961 1509 1083 1565 Domino
1107 1511 1217 1567 electus
1240 1518 1273 1568 ct
1422 1569 1423 1580 2

321 1599 445 1668 edoctus,
460 1614 496 1653 ne
514 1597 588 1653 solus
605 1596 680 1652 tanti
697 1596 808 1667 pondus
824 1596 971 1667 regiminis
985 1598 1078 1655 subire
1094 1599 1272 1669 formidaret,
1289 1612 1368 1656 hou.
1382 1614 1404 1656 a·
1422 1585 1423 1648 ἶ

320 1688 414 1742 Aaron
439 1685 535 1741 fratris
556 1684 664 1741 auxilio
683 1684 816 1754 stipatur,
834 1701 890 1754 quo
911 1686 1058 1742 sacerdote
1076 1692 1109 1743 et
1129 1689 1274 1758 propbeta
1292 1674 1367 1724 ¹⁴'¹⁶‘

320 1774 434 1830 adiutus
459 1776 620 1843 susceptum
645 1772 818 1841 adimpleret
837 1772 977 1837 officium
1001 1772 1042 1829 sic
1067 1774 1211 1845 nimirum,
1229 1778 1271 1833 sic

320 1860 530 1919 memorabilis⁸
559 1860 647 1916 abbas
676 1859 856 1925 Benedictus,
885 1878 949 1915 cum
977 1866 1052 1918 esset
1078 1863 1110 1918 in
1140 1865 1272 1920 ommbus

320 1950 487 2007 monasterii
505 1948 663 2019 disciplinis
680 1948 945 2016 instmctissimus‘,
963 1949 996 2004 in
1012 1954 1202 2009 construendo
1220 1971 1273 2009 sno

320 2038 491 2096 monasterio
504 2036 659 2093 eeolffiui⁶
676 2036 819 2107 quaesiuit
835 2036 984 2102 auxilium,
1002 2038 1096 2107 quiet
1111 2041 1273 2112 regularis·

319 2126 528 2185 obseruantiam
541 2126 619 2181 uitae
632 2124 695 2196 pari
708 2124 854 2181 doctrinae
871 2126 967 2181 studio
981 2126 1117 2196 firmaret,
1130 2132 1160 2185 et
1172 2130 1272 2185 altaris

320 2216 442 2272 officium
455 2212 606 2271 sacerdotii
619 2214 709 2284 gradu
723 2212 879 2284 suppleret.

149 2320 301 2365 rounuution
355 2320 380 2373 7.
399 2305 540 2374 Ceperunt
553 2306 649 2358 autem
661 2301 811 2357 aedificare
822 2301 1027 2359 monasterium
1044 2303 1126 2360 iuxta
1143 2305 1267 2361 ostinm⁷
1285 2318 1365 2363 M.

148 2381 301 2495 mmm
317 2392 393 2448 Wiri
411 2390 543 2457 fluminis,
561 2408 637 2445 anno
655 2390 816 2446 dominicae
835 2389 1042 2447 incarnationis
1061 2396 1268 2451 sexcentesimo
1287 2380 1352 2435 Μ
1365 2394 1383 2422 ““

147 2513 161 2542 s
179 2512 202 2543 n.
237 2472 244 2496 ’
318 2478 530 2552 septuagesimo
550 2478 640 2543 1111w,
653 2478 810 2535 indictione
823 2478 874 2542 11⁸.
887 2496 962 2534 anno
979 2484 1079 2536 autem
1096 2487 1200 2552 quarto
1216 2484 1273 2539 im·

318 2568 391 2641 perii
408 2566 539 2640 Egeriai·
557 2564 640 2639 rugis,
653 2569 775 2637 accepta
786 2565 823 2622 ab
836 2582 870 2623 eo
884 2570 970 2634 terra,
984 2568 1078 2639 prino
1095 2570 1272 2629 familiarum

317 2656 534 2727 quinquaginta,
547 2657 649 2725 postea
661 2672 784 2723 namque
799 2654 845 2711 uel
863 2654 952 2725 ipsius
967 2657 1016 2711 uel
1032 2656 1155 2713 aliorum
1171 2676 1271 2731 rugum

318 2744 512 2812 nobiliumque
531 2740 684 2798 donatione
706 2741 739 2796 in
755 2741 865 2798 maius'
883 2746 1001 2798 auctum
1023 2749 1076 2801 est.
1112 2746 1244 2804 Secundo
1251 2748 1275 2781 ¹·

148 2846 269 2892 Benedict
317 2832 432 2890 fundati
449 2830 614 2887 monasterii
632 2846 715 2895 anno,
735 2830 909 2886 Benedictus
924 2849 1003 2888 mare
1020 2834 1163 2891 transiens
1181 2836 1274 2893 archi·

147 2906 283 3010 ffintgffl
318 2927 410 2979 tectos
438 2938 456 2976 a
482 2917 697 2976 'l'orhthelmou
721 2917 835 2988 abbate,
860 2919 967 2974 dudum
995 2920 1050 2975 sibi
1074 2921 1107 2977 in
1133 2924 1275 2981 amicitiis

147 3025 213 3069 from
221 3025 294 3071 Gaul
319 3010 425 3075 iuncto,
451 3025 571 3078 quorum
597 3005 760 3077 magisterio
785 3010 815 3063 et
839 3024 925 3077 opere
948 3008 1098 3065 basilicam
1117 3011 1153 3067 de
1175 3012 1273 3083 lapide

319 3099 436 3163 faceret,
449 3096 545 3167 petiit,
558 3099 748 3165 acceptosque
761 3095 796 3151 de
809 3094 904 3151 Gallio
920 3096 1116 3153 Brittanniam
1127 3101 1274 3170 perduxit

149 3200 257 3245 ceolfrid
356 3191 379 3243 8.
400 3186 484 3256 Cepit
504 3185 616 3241 interea
636 3184 736 3240 tedere
755 3184 931 3239 Geclfridnm
949 3186 1101 3255 prioratus,
1121 3190 1274 3260 magisque

147 3258 236 3373 22¹2?
245 3263 296 3363 ξπ
322 3278 326 3347 Ι
342 3275 488 3332 delectare
496 3272 518 3305 ¹¹
530 3273 646 3329 libertas
665 3271 850 3328 monachicae
869 3272 974 3342 quictis
993 3292 1080 3343 quam
1099 3275 1189 3333 alieni
1205 3296 1275 3334 cura
1291 3287 1376 3342 tau

148 3351 288 3422 uindices
320 3362 476 3435 regiminis.
521 3361 594 3416 Nam
625 3365 655 3417 et
685 3359 807 3415 inuidiae
837 3361 1015 3430 quorundam
1042 3362 1193 3428 nobilium,
1224 3364 1276 3436 qui

149 3440 176 3479 ω
185 3439 280 3483 retum.
319 3451 477 3523 regularem
492 3449 552 3506 eius
565 3448 746 3519 disciplinam
759 3447 832 3504 ferre
845 3448 1011 3519 nequibant,
1024 3449 1276 3523 insecutionesque

320 3538 484 3610 patiebatur
507 3537 681 3603 accerrimae,
700 3553 885 3606 reuersnsque
906 3536 942 3608 ad
960 3537 1168 3594 monasterium
1192 3558 1276 3596 suum

353 3694 361 3722 ¹
379 3700 472 3746 sancto
484 3696 580 3759 spiritu
592 3696 614 3746 d.
689 3693 699 3722 ¹
715 3694 909 3755 sicutom.11¹;
925 3694 998 3756 quod
1007 3692 1055 3745 11¹.
1119 3696 1130 3726 ¹
1146 3700 1276 3746 memoris

320 3774 356 3823 Η.
440 3774 534 3823 ⁴·inis
545 3772 591 3823 11¹.
674 3772 775 3821 ⁸·did.
851 3773 1003 3834 ‘regulans
1015 3772 1062 3825 11¹.
1146 3771 1276 3824 ’mium

320 3852 415 3902 omli.
482 3850 582 3901 ΝΜ.
641 3850 983 3915 'magiuslhmsgnisd
1049 3851 1277 3903 ”saumana

320 3930 339 3960 ¹¹
356 3933 515 3985 tortelmot.
591 3930 611 3963 ¹¹
627 3935 662 3983 ·ri
675 3934 712 3983 Η.
724 3934 748 3985 d.
