2859 4334
32 1145 98 1199 θοι
427 1115 682 1191 EPISTOLA
716 1116 857 1191 BEDE

233 1300 306 1375 AD
346 1300 673 1378 ECGBERTUM
709 1300 1047 1379 EPISOOPUM¹.

211 1566 236 1605 1.
257 1548 526 1609 Dinacrrssraroao
537 1548 1115 1627 reuerentissimo²antistitiEcgberto
1134 1557 1278 1602 latitabo

166 1644 253 1706 Beda
273 1646 412 1707 famulus
433 1647 550 1709 Christi
569 1647 712 1709 salutem.
763 1648 896 1708 Memini
918 1650 950 1707 te
969 1647 1116 1707 hesterno
1132 1618 1279 1721 xiil?

166 1744 280 1805 dixisse
293 1765 384 1820 anno,
402 1766 474 1807 cum
488 1749 593 1807 tecum
612 1746 732 1825 aliquot
748 1746 858 1806 diebus
875 1745 1001 1824 legendi
1017 1744 1116 1823 gratia
1131 1748 1203 1851 ff
1213 1739 1240 1780 ω

166 1844 200 1903 in
222 1844 412 1905 monasterio
432 1848 488 1905 tuo
504 1846 687 1921 demorarer,
712 1846 796 1924 quod
816 1843 894 1905 hoc³
916 1845 1011 1905 etiam
1031 1864 1116 1905 anno

166 1942 273 2017 uelles,
290 1963 362 2003 cum
379 1943 415 2003 in
433 1944 568 2004 eundem
585 1944 750 2005 deuenires
768 1943 872 2004 locum
880 1944 899 2019 ⁴,
917 1963 969 2003 me
982 1963 1113 2021 quoque,

169 2039 209 2100 ob
237 2060 403 2102 commune
430 2041 555 2119 legendi
582 2043 732 2120 studium,
762 2043 801 2103 sd
835 2046 929 2103 tuum
959 2042 1116 2119 accipere⁶

169 2139 368 2218 colloquium.
406 2140 495 2217 Quod
508 2142 536 2201 si
549 2141 601 2217 ita,
618 2141 685 2202 Deo
698 2141 831 2217 uolente,
844 2144 948 2219 posset
961 2141 1113 2219 impleri⁴‚

167 2258 232 2299 non
253 2258 331 2315 opus
350 2243 430 2300 esset
444 2240 504 2299 tibi
524 2240 599 2301 haec
617 2260 673 2317 per
693 2240 814 2301 litteras
832 2239 946 2317 scripta
964 2239 1096 2317 dirigere
1106 2262 1115 2317 3

21 2356 126 2403 arros.
165 2356 238 2399 cum
251 2358 373 2416 possem
388 2338 519 2399 liberius
532 2339 675 2399 oreades
685 2338 824 2417 loquens,
838 2357 978 2417 quaeque
989 2336 1113 2415 uellem,

21 2430 48 2531 :j
64 2416 144 2473 ³¹⁰²
164 2436 232 2497 siue
252 2437 423 2498 necessaria
443 2438 597 2513 ducerem,
620 2438 739 2497 secreta
759 2436 819 2498 tibi
838 2436 1026 2498 allocutione
1047 2457 1116 2516 sug·

164 2550 279 2606 gerere.
325 2532 446 2593 Uerum
468 2530 620 2609 quiahoc
641 2551 682 2591 ne
702 2531 799 2607 fieret,
823 2530 1055 2608 superueniens,
1080 2534 1115 2593 ut

164 2629 256 2705 nosti,
282 2630 417 2707 corporis
442 2630 507 2689 mei
529 2630 670 2690 ualitudo
690 2629 873 2707 prohibuit;
897 2648 987 2707 agere
1007 2632 1115 2691 tamen

164 2730 248 2806 quod
259 2729 355 2807 potui,
367 2748 438 2805 erga
448 2728 648 2788 dilectionem
657 2731 745 2789 tuam
755 2728 909 2789 fraternae
918 2728 1115 2789 deuotionis⁷

163 2828 282 2889 intuitu
310 2829 424 2902 curaui,
451 2826 606 2888 mittendo
631 2826 776 2888 uidelicet
804 2847 860 2905 per
886 2827 1007 2887 litteras
1030 2826 1114 2905 quod

162 2923 362 3001 corporaliter
386 2921 541 2983 ueniendo
561 2942 619 2999 per
638 2921 879 2982 collocutionem
901 2921 1113 2999 nequiueram.

162 3020 337 3099 Precorque
351 3025 382 3081 te
392 3040 449 3099 per
456 3020 639 3095 Dominum,
652 3040 693 3080 ne
701 3020 815 3080 harum
825 3019 928 3097 apices
937 3020 1114 3081 litterarum

161 3120 354 3197 arrogantiae
367 3118 568 3196 supercilium
583 3138 649 3179 esse
668 3118 842 3196 suspiceris,
860 3119 914 3179 sed
928 3117 1113 3195 obsequium

160 3218 266 3297 potius
279 3218 469 3278 humilitatis
482 3237 517 3277 ac
530 3218 654 3295 pietatis
667 3217 819 3278 ueraciter
833 3236 901 3278 esse
915 3236 1089 3295 cognoscas.

204 3336 230 3379 a.
254 3316 411 3378 Exhortor
432 3317 537 3395 itaque
565 3320 661 3393 tuam,
695 3315 897 3376 dilectissime
927 3316 962 3375 in
990 3314 1115 3377 Christo
1130 3324 1185 3371 Life
1194 3327 1246 3371 anu

161 3414 301 3491 antistes,
325 3415 530 3491 sanctitatem,
555 3418 591 3475 ut
611 3416 743 3493 gradum
764 3418 996 3476 sacrosanctum
1016 3434 1111 3491 quem
1128 3384 1259 3490 „3²⁴2th

163 3514 222 3575 tibi
243 3516 365 3575 Auctor
387 3514 540 3591 graduum
562 3516 594 3573 et
618 3512 828 3591 spiritualium
849 3512 979 3590 largitor
1001 3511 1112 3572 charis·
1128 3504 1242 3561 mem

161 3615 284 3675 matum
299 3612 494 3674 committere
508 3612 654 3692 dignatus
668 3614 725 3683 est,
742 3614 935 3673 sacrosancta
949 3610 1000 3671 et⁸
1011 3630 1113 3689 opera·

195 3777 562 3843 ¹fromH3noheadingin
574 3778 611 3830 ll.
659 3775 858 3827 ¹·dissimoll.
923 3774 1001 3825 ’hoe
1014 3775 1108 3827 orati.

159 3856 309 3908 ‘eosdem
324 3855 480 3907 ..locosll¹
547 3856 660 3907 laeoirs
672 3855 708 3907 ll.
776 3853 931 3917 ‘compleri
943 3852 980 3906 ll.
1046 3850 1114 3902 'di-

160 3935 287 3987 lectionis
297 3931 349 3985 *nsl
361 3932 521 3985 deuotionis'
531 3934 568 3986 Η.
679 3933 690 3963 ⁸
705 3938 734 3985 et
743 3949 790 3984 om.
802 3933 840 3984 Η.
