2859 4334
339 261 406 327 310
613 262 771 329 neam
792 261 1025 328 amasiae
1181 270 1282 337 [rav.
1399 309 1400 346 ÷

339 436 477 498 studioso
497 436 607 498 abillo
625 436 752 499 auditus
769 439 824 513 cst,
838 439 878 497 ‘ut
897 435 965 496 eius
978 438 1088 513 rogatu
1101 432 1284 495 monasterio

338 553 432 611 supra
454 538 625 596 memorato
648 536 777 612 inditus,
802 554 837 595 ac
863 534 1044 594 monachica
1075 530 1141 613 leit
1162 535 1372 593 tonsuratum

340 636 511 707 coronatus,
535 637 628 711 atque
649 634 687 694 ad
707 653 781 694 eum
799 632 992 694 audiendum
1010 631 1201 708 saepissime,
1217 649 1285 691 cum

339 730 410 791 illas
436 732 471 792 in
498 735 602 808 partes
623 731 810 807 deneniaeet,
836 731 1003 791 accederet.
1056 730 1116 791 Cui
1142 728 1288 790 uidelicet
1399 775 1400 786 ,

338 830 526 891 monasterio
550 834 691 908 tempore
710 830 767 890 illo
786 829 948 908 religiosae
970 849 1006 889 ac
1026 830 1185 890 modestae
1206 828 1287 888 uitae

339 930 434 990 abbas
448 934 480 991 et
493 930 654 1008 presbyter
668 930 833 990 Ediluald¹
846 932 994 1006 praeerat,
1005 928 1060 1006 qui
1076 949 1163 990 nunc
1177 928 1287 1006 epiaco

339 1029 442 1105 palem
465 1028 731 1089 Lindiefarnensis
752 1028 899 1089 ecclesiae
920 1028 1099 1089 cathedram
1126 1027 1287 1106 condignis

340 1128 436 1205 gradu
451 1128 573 1188 actibus
586 1130 697 1188 seruat

380 1226 510 1304 Accepit
523 1226 673 1287 autemin
681 1226 791 1286 eodem
801 1225 1105 1286 monasteriolocum
1116 1226 1288 1287 mansionis
1399 1271 1400 1302 ,

338 1324 542 1399 secretiorem,
573 1320 646 1384 ubi¹
677 1323 807 1383 liberius
839 1323 997 1384 continuis
1027 1324 1063 1384 in
1096 1322 1287 1383 orationibus
1399 1379 1400 1402 ,

338 1422 504 1484 famulatui
523 1423 573 1485 sui
590 1420 760 1484 conditoris
782 1426 913 1484 uacaret.
958 1424 1001 1483 Et
1022 1422 1094 1500 quia
1115 1423 1204 1482 locus
1223 1422 1286 1499 ipse
1399 1475 1400 1496 ,

338 1540 432 1598 super
444 1522 544 1599 ripam
563 1521 705 1581 fluminis
723 1523 788 1581 erat
804 1521 892 1596 sitne,
914 1521 1032 1583 solebat
1049 1522 1108 1581 hcc
1125 1521 1231 1581 creber
1249 1520 1286 1581 ob

338 1640 490 1699 magnum
501 1620 670 1697 castigandi
680 1620 969 1696 corperisaffectum
979 1619 1110 1697 ingredi,
1123 1639 1160 1680 ac
1168 1620 1286 1697 saepius

339 1720 374 1781 in
395 1739 432 1779 eo
454 1718 725 1796 supermeantibus
746 1719 841 1779 undis
864 1719 1016 1797 inmergi3
1040 1719 1148 1797 sicque
1171 1719 1284 1778 ibidem

338 1818 488 1895 quamdiu
503 1817 655 1877 sustinere
666 1836 757 1893 posse
764 1816 936 1893 uidebatur,
949 1817 1139 1894 psalmisuel
1149 1817 1284 1896 precibus

338 1916 489 1991 insistere,
515 1916 659 1993 fixusque
679 1936 814 1993 manere,
839 1916 1025 1976 aseendente
1046 1935 1127 1993 aqua
1147 1914 1281 1976 fluminis
1399 1967 1400 1978 ,

338 2034 438 2092 usque
467 2016 505 2075 ad
533 2015 667 2088 lumbos,
692 2015 861 2092 aliquando
888 2016 940 2075 et’
968 2035 1065 2092 usque
1087 2015 1127 2075 ad
1148 2015 1280 2087 cellum;

336 2115 429 2190 atque
442 2112 516 2173 inde
535 2113 697 2191 egrediens
712 2114 752 2173 ad
770 2116 896 2189 terram,
913 2133 1089 2190 numquam
1107 2112 1176 2190 ipsa
1195 2110 1279 2172 uesti-

339 2214 446 2271 menta
469 2211 531 2271 uda
552 2214 645 2289 atque
668 2212 771 2289 algida
792 2213 946 2287 deponere
968 2211 1101 2286 curabat,
1129 2212 1223 2272 donec
1243 2228 1278 2269 er

339 2329 396 2370 sno
416 2330 541 2386 corpore
560 2310 737 2371 calefierent
758 2312 791 2370 et
810 2311 1007 2371 siccarentur.
1050 2310 1192 2386 Cumque
1210 2310 1278 2367 tem·

338 2427 412 2484 pore
439 2407 568 2468 hiemali
596 2408 804 2469 defluentibus
830 2409 911 2469 circa
938 2428 1012 2468 eum
1041 2408 1277 2468 semifractarum
1399 2447 1400 2472 l

339 2506 450 2567 crustis
467 2506 644 2584 glacierum,
669 2527 746 2584 quae
767 2511 798 2568 et
817 2507 883 2584 ipse
901 2506 1069 2584 aliquando
1087 2506 1295 2575 contriuerat·

339 2625 400 2681 quo
423 2606 551 2665 haberet
569 2605 672 2665 locum
691 2606 796 2666 standi
817 2606 885 2666 siue
904 2605 1102 2683 inmergendi
1124 2605 1159 2665 in
1177 2601 1274 2671 fluuio,

338 2704 483 2779 dicerent,
500 2704 555 2781 qui
573 2704 743 2768 uidebant:
767 2705 912 2779 ‘Mirum
929 2704 1024 2764 frater
1042 2699 1277 2781 Drycthelme⁴,'

338 2802 408 2879 (hoc
433 2802 518 2862 enim
543 2806 609 2863 erat
633 2804 701 2862 uiro
725 2806 863 2878 nomen),
895 2802 997 2879 ‘quod
1019 2805 1143 2862 tantam
1162 2798 1278 2877 frigoris

337 2902 534 2978 asperitatem
549 2900 614 2961 ulla
628 2902 749 2961 ratione
759 2901 891 2961 tolerare
900 2901 1079 2977 praeualea’
1115 2896 1278 2976 Responde·

337 3000 390 3059 bat
404 2999 458 3058 ille
468 2999 658 3076 simpliciter,
671 3003 736 3060 erat
746 3020 883 3077 namque
891 3000 986 3059 homo
997 2999 1148 3076 simplicis
1157 2994 1276 3074 ingenii,

337 3118 372 3158 ac
400 3098 576 3158 moderatae
604 3099 774 3161 naturae⁶z
806 3098 995 3177 ‘Frigidiora
1022 3118 1079 3175 ego
1107 3098 1191 3159 uidi?
1236 3094 1279 3154 Et

337 3216 409 3255 cum
438 3196 597 3257 dicerent:
632 3196 774 3271 ‘Mirum
805 3198 888 3275 quod
914 3201 981 3258 tam
1004 3199 1159 3257 austeram
1180 3199 1281 3255 tenere

336 3294 561 3355 continentiam
588 3294 689 3356 uelis.’
732 3296 973 3372 Respondebat:
1005 3295 1200 3354 ‘Austeriora
1222 3311 1278 3367 ego

336 3392 423 3453 nidi’
464 3392 576 3469 Sisque
595 3412 693 3471 usque
707 3394 747 3453 ad
767 3393 852 3454 diem
871 3414 945 3454 auae
966 3393 1137 3454 necationis
1149 3390 1279 3467 infatiga-

336 3490 393 3551 bili
408 3490 588 3551 caelestium
607 3492 760 3552 bonorum
780 3492 931 3553 desiderio
951 3511 1064 3569 corpus
1084 3492 1180 3551 senile
1198 3489 1279 3549 inter

337 3589 490 3649 cotidiana
503 3590 619 3650 ieiunia
638 3590 792 3666 domabat,
809 3590 980 3668 multisque
1000 3594 1032 3651 et
1052 3590 1147 3651 uerbo
1164 3593 1193 3649 et
1208 3606 1279 3647 con·

337 3687 512 3747 uersatione
526 3688 620 3747 saluti
632 3688 701 3749 fuit.

368 3846 587 3901 ¹aediluualdc.
642 3850 689 3902 'a
698 3851 785 3916 now,
799 3868 827 3915 p.
838 3868 896 3915 309.
944 3851 1104 3904 ’atomi
1146 3852 1278 3915 ‘drycht

336 3923 356 3974 C
389 3925 461 3988 dryt·
473 3927 506 3977 N.
580 3928 1111 3994 ⁵ac...naturee,cddcdonmcrpiall.
