2859 4334
339 210 404 272 254
607 207 766 273 Historia
789 208 1020 273 Ecclesiastico
1163 217 1227 282 [ιιι.
1240 215 1276 266 ιν.

380 386 460 445 Cum
481 405 554 462 ergo
575 384 694 462 aliquot
715 404 816 444 annos
836 385 911 444 huic
931 384 1120 444 monasterio
1139 380 1276 461 regularis

340 485 422 546 uitae
448 485 639 544 institutioni
663 483 802 544 multum
823 483 948 544 intenta
973 487 1136 561 praeesset,
1158 479 1277 556 contigit

340 603 408 643 eam
431 584 585 660 suscipere
608 583 702 643 etiam
724 584 969 643 construendum
989 583 1057 643 siue
1079 580 1275 643 ordinandum

340 685 564 742 monasterium
579 682 612 742 in
626 683 702 756 loco,
717 682 772 758 qui
786 685 915 742 uocatur
928 682 1165 742 streaneshalch
1175 679 1193 754 ¹,
1204 676 1275 755 quod

339 801 417 857 opus
449 781 509 840 sibi
537 781 715 840 iniunctum
742 800 808 840 non
835 781 974 858 segniter
1006 781 1152 858 inpleuit
1205 777 1277 838 Nam

339 879 466 954 eisdem,
491 879 606 956 quibus
630 879 718 957 prius
744 880 978 955 monasterium,
1002 881 1098 940 etiam
1122 881 1183 939 hoc
1201 875 1277 938 disci·

339 978 434 1054 plinis
458 979 542 1038 uitae
567 979 718 1056 regularis
744 978 903 1052 instituit;
924 983 956 1038 et
979 980 1107 1056 quidem
1132 971 1277 1038 multam¹

338 1077 384 1136 ibi
408 1097 532 1154 quoque
552 1077 697 1152 iustitiae,
728 1077 860 1154 pietatis,
883 1081 916 1138 et
943 1078 1153 1153 castimoniae,
1181 1081 1277 1138 cetera

337 1196 470 1254 rumque
493 1176 657 1252 uirtutum,
675 1177 730 1236 sed
752 1177 889 1236 maxime
908 1177 993 1255 pacis
1014 1181 1046 1237 et
1066 1178 1204 1238 caritatis
1222 1193 1278 1235 cus·

337 1275 455 1336 todiam
466 1275 571 1335 docuit
583 1297 590 1349 ;
611 1275 655 1334 ita
666 1277 702 1335 ut
715 1276 750 1335 in
759 1276 940 1353 exemplum
949 1277 1130 1352 primitiuse
1143 1274 1277 1336 ecclesiae
1395 1312 1396 1333 r

337 1374 446 1434 nullus
470 1375 514 1433 ibi
534 1374 630 1450 diues,
655 1376 762 1435 nullus
781 1378 863 1434 esset
885 1395 988 1452 egens,
1010 1375 1159 1434 omnibus
1182 1371 1379 1469 essenus-‘hd

338 1473 444 1534 omnia
457 1474 642 1546 communia,
658 1492 733 1532 cum
746 1473 828 1532 nihil
846 1473 1029 1550 cuiusquam
1048 1493 1116 1533 esse
1130 1472 1278 1533 uideretur
1289 1447 1310 1538 i
1318 1444 1369 1542 ills

338 1573 508 1649 proprium.
554 1573 671 1632 Tantae
702 1574 809 1632 autem
840 1577 906 1632 erat
931 1572 1000 1650 ipsa
1025 1572 1220 1649 prudentiae,
1247 1571 1278 1628 ut

338 1691 402 1730 non
427 1671 529 1731 solum
554 1670 727 1731 mediocres
750 1671 866 1748 quique
889 1671 924 1730 in
949 1671 1190 1733 necessitatibus
1212 1669 1276 1740 suia,
1395 1734 1396 1737 ,

338 1769 392 1830 sed
422 1769 518 1830 etiam
548 1788 637 1846 reges
667 1790 702 1829 ac
732 1769 888 1847 principes
918 1789 1160 1846 nonnumquam
1186 1771 1225 1831 ab
1248 1785 1279 1826 ea

337 1868 504 1928 consilium
536 1871 728 1944 quaererent,
759 1873 792 1928 et
825 1868 1014 1930 inuenirent
1059 1870 1198 1930 Tantum
1229 1868 1279 1928 lec

337 1967 417 2026 tioni
446 1967 624 2026 diuinarum
651 1967 875 2044 scripturarum
902 1988 977 2028 suos
1001 1988 1111 2028 uacare
1134 1969 1276 2037 subditos

337 2068 462 2126 tantum
477 2065 622 2142 operibus
636 2065 776 2126 iustitiae
792 2087 826 2126 se
844 2086 985 2127 exercere
999 2067 1139 2142 iaciebat,
1157 2071 1193 2127 ut
1204 2065 1280 2126 tacil-

337 2163 412 2224 lime
426 2165 608 2225 uiderentur
627 2166 754 2256 ibidem,
776 2166 851 2242 qui⁸
865 2166 1130 2226 ecclesiasticum*
1144 2167 1277 2244 gradum

336 2262 395 2324 hoc
418 2267 466 2324 est
484 2264 592 2324 altaris
614 2264 759 2340 officium,
780 2268 853 2343 apte
873 2266 1023 2339 subirent,
1045 2265 1174 2340 plurimi
1195 2282 1280 2340 posse

336 2381 494 2439 repperiri.

377 2462 520 2538 Denique
540 2462 570 2519 V
591 2482 629 2520 ex
656 2463 766 2522 eodem
786 2463 975 2523 monasterio
995 2466 1103 2540 postea
1129 2463 1280 2539 episcopos

173 2551 244 2642 ¹¹²?oe
335 2560 483 2636 uidimus,
501 2561 604 2620 ethos
622 2580 734 2621 omnes
752 2562 919 2638 singularis
939 2562 1045 2622 meriti
1060 2582 1097 2622 ac
1112 2559 1278 2622 sanctitatis

172 2670 199 2700 ¹¹¹
218 2671 245 2700 ¹¹
274 2672 306 2702 ⁸¹·
336 2659 427 2732 uiros,
445 2679 577 2735 quorum
598 2660 674 2719 haec
693 2663 770 2720 sunt
787 2661 925 2736 nomina,
942 2663 1033 2736 Bosa
1050 2662 1154 2735 Aetia,
1170 2660 1273 2732 oftfor,

335 2758 502 2832 Iohannes,
519 2761 551 2817 et
566 2758 692 2818 Uilfrid.
738 2759 785 2819 De
802 2760 906 2836 primo
922 2780 1016 2837 supra
1034 2760 1180 2830 diximus,
1200 2757 1274 2836 quod

335 2856 485 2916 Eboraci⁶
503 2857 599 2916 fuerit
613 2861 810 2918 consecratus
827 2860 982 2932 antistes3
1003 2860 1043 2919 de
1060 2861 1197 2920 secundo
1215 2859 1274 2917 bre·

335 2957 416 3016 uiter
429 2957 650 3030 intimandum,
661 2957 744 3033 quod
758 2957 793 3016 in
807 2959 1017 3035 episcopatum
1029 2956 1274 3020 Dorciccaestra‘

335 3055 429 3115 fuerit
463 3055 644 3130 ordinatus;
679 3056 719 3114 de
754 3056 876 3117 ultimis
907 3058 991 3117 inira
1025 3057 1193 3119 dicendum
1221 3061 1269 3128 eat,
1393 3050 1395 3055 ⁵

337 3151 435 3230 lquod
446 3174 554 3214 eorum
565 3155 686 3231 primus
700 3153 965 3232 Hagustaldensis
974 3157 994 3230 ⁷,
1008 3157 1165 3218 secundus
1172 3157 1271 3216 Ebora·
1283 3161 1357 3217 1¹⁹¹

334 3253 455 3312 censis⁵
482 3253 626 3313 ecclesiae
649 3254 691 3313 sit
712 3255 873 3316 ordinatus
897 3255 1069 3332 episcopus.
1112 3257 1160 3316 De
1181 3253 1272 3316 medio

334 3370 418 3411 nunc
442 3352 590 3426 dicamus,
617 3352 697 3428 quia,
726 3372 799 3412 cum
813 3353 847 3412 in
876 3357 1007 3432 utroque
1033 3355 1169 3416 Hildae⁸
1193 3354 1272 3416 abba·

333 3451 425 3510 tissae
439 3451 626 3510 monasterio
645 3450 773 3511 lectioni
789 3455 822 3512 et
835 3453 1046 3514 obseruationi
1059 3455 1268 3532 scripturarum

332 3569 456 3625 operam
476 3549 621 3622 dedisset,
639 3551 767 3611 tandem
788 3551 970 3627 perfectiora
989 3552 1176 3628 desiderans,
1192 3551 1268 3611 uenit

364 3709 371 3738 ¹
389 3709 466 3760 -halh
479 3710 500 3759 G
512 3726 518 3770 ;
535 3711 754 3760 streanaeshalch
766 3712 798 3761 B.
811 3711 844 3760 N.
917 3711 927 3739 ¹
943 3713 1032 3762 multa
1041 3715 1073 3764 R
1121 3715 1131 3744 ⁸
1147 3716 1193 3771 oni
1203 3719 1227 3763 ot
1237 3711 1268 3762 Ι.

331 3788 523 3837 ¹scolasticum
533 3789 569 3838 Μ.
689 3789 832 3840 ³ebur·(l.
845 3791 879 3840 N.
1004 3791 1178 3859 ⁸·esstrs05
1194 3791 1268 3841 dorci-

330 3869 424 3934 coestrp
436 3867 470 3916 N.
578 3865 587 3894 ²
604 3882 646 3930 ag·
659 3868 692 3918 N.
800 3867 809 3896 ⁸
826 3870 931 3919 hildixo
942 3870 976 3919 li.
