2859 4334
318 246 407 312 clxiv
539 246 801 311 Introdoaetiou:
832 246 1018 331 Appendix
1039 244 1090 310 ΙΙ.

318 422 365 481 At
392 419 455 494 ille,
485 420 599 494 ‘bene’
626 420 738 497 inquit,
773 418 930 479 ‘scribe¹.'
971 419 1032 480 Et*
1059 424 1130 497 post
1157 420 1309 481 modicum

319 521 398 580 dixit
411 540 506 599 puer:
524 520 644 580 ‘modo⁸
655 519 810 597 descripta
823 520 892 579 est!
929 520 975 579 At
988 518 1051 592 ille,
1071 520 1186 594 ‘bens’
1200 519 1308 596 inquit,

321 620 591 679 ‘consummatum
619 621 674 693 est,
701 618 869 677 ueritatem
900 617 1046 692 dixisti⁴;
1078 618 1180 694 oooipe
1207 636 1309 677 meum

318 721 410 795 eaput
427 716 463 776 in
481 736 594 777 manus
607 719 685 791 tuas,
704 717 776 794 quia
794 717 932 776 multum
947 736 998 775 me
1012 715 1143 777 delectat
1159 716 1265 776 sedere
1278 736 1310 775 ex

317 815 448 875 aduerso
464 815 531 875 loeo
549 818 656 875 saneto
671 835 749 889 meo,
767 816 800 874 in
815 836 877 891 quo
892 835 977 874 orare
990 815 1137 880 solebam.
1155 818 1191 875 ut
1209 818 1240 873 et
1259 834 1309 891 ego

317 914 429 974 sedens
443 914 569 974 Patrem
582 934 690 974 meum
705 914 849 974 inuocare
862 914 980 990 possim
989 914 1019 974 ⁶.’
1061 914 1103 973 Et
1120 914 1163 973 sio
1181 913 1215 973 in
1234 912 1312 989 paui·

317 1015 426 1073 mento
447 1032 520 1073 suae
540 1013 660 1072 casulae
681 1014 867 1073 decantans:
893 1011 1008 1089 ‘glorie
1026 1012 1113 1072 Patri
1134 1014 1166 1071 ot
1184 1011 1263 1071 Filio
1283 1016 1310 1069 et

317 1111 448 1188 Spiritui
470 1113 599 1171 Sanoto’
618 1115 650 1171 et
670 1114 779 1185 cetera,
802 1112 952 1172 ultimum
972 1130 990 1171 e
1010 1130 1138 1188 eorpore
1158 1108 1310 1169 exhalauit

317 1210 470 1286 spiritum.
506 1211 621 1295 ‘Atque
637 1214 674 1269 ut
692 1210 761 1269 sine
780 1209 875 1270 dubio
895 1210 1087 1269 erodendum
1101 1208 1245 1286 estquod
1260 1228 1311 1284 pro

317 1328 354 1368 eo
374 1309 446 1385 quia
465 1308 516 1368 hio
535 1328 658 1386 semper
671 1308 894 1368 deuotissimos
913 1308 947 1367 in
961 1308 1021 1368 Dei
1039 1307 1184 1367 laudibus
1202 1307 1312 1367 labora·

317 1411 412 1481 uersi,
435 1409 474 1467 ad
495 1408 608 1485 gandia
627 1407 851 1467 desideriorum
872 1408 1033 1467 celestium
1056 1408 1162 1467 anima
1186 1404 1311 1466 eiusab

315 1507 434 1583 angelis
447 1508 622 1583 portaretur
629 1506 648 1566 ⁶.
686 1506 805 1567 Omnes
819 1508 924 1565 autem
936 1505 990 1583 qui
1005 1506 1131 1565 audiere
1144 1506 1195 1565 uel
1210 1504 1312 1565 uidere

316 1605 438 1665 obitum
470 1605 609 1666 Baedani
638 1604 736 1681 patris
764 1604 864 1664 nostri
873 1604 891 1679 ⁷,
920 1623 1093 1681 numquam
1122 1624 1155 1664 so
1183 1603 1313 1663 uidisse⁸

315 1704 414 1763 alium
443 1704 497 1763 in'
527 1708 593 1765 turn
624 1723 738 1781 magna
772 1704 938 1764 deuoeione
968 1706 1063 1781 atque
1090 1702 1314 1780 tranquillitate

316 1802 414 1862 uitem
428 1822 518 1862 suam
528 1803 550 1835 ¹⁰
560 1802 668 1862 finisse
681 1803 834 1863 dicebant.
873 1802 960 1877 Quia,
974 1802 1054 1862 sieut
1068 1802 1193 1877 audisti,
1207 1820 1314 1878 quous

316 1921 376 1978 que
395 1901 502 1961 animo
521 1901 616 1960 oius¹¹
636 1902 669 1960 in
690 1920 818 1977 corpore
840 1901 908 1973 fuit,
930 1902 938 1931 ‘
947 1901 1046 1977 gloria
1060 1900 1148 1961 Patri
1160 1901 1167 1925 ⁹
1181 1903 1212 1959 ot
1226 1898 1314 1959 alia¹²

318 2000 469 2076 quaedam
489 1999 528 2059 ad
550 1999 679 2076 gloriam
698 1998 758 2059 Dei
768 1998 788 2031 ¹³
809 1999 928 2075 eeeinit,
948 2002 979 2059 et
1001 1999 1146 2077 expensis
1170 1999 1314 2059 manibus

317 2098 384 2157 Deo
393 2098 414 2131 ¹⁴
434 2098 548 2176 gratias
568 2118 658 2176 agore
678 2118 743 2158 non
764 2099 909 2159 cessabat
956 2098 1041 2158 Scire
1063 2101 1169 2158 autem
1190 2098 1287 2157 debes
1295 2095 1315 2128 ¹⁸
1398 2116 1399 2146 r

317 2197 391 2273 quia
410 2198 511 2257 adhue
532 2198 634 2256 multa
655 2199 775 2257 narrari
796 2201 828 2257 et
848 2196 942 2257 soribi
962 2197 1124 2273 possunt¹⁸
1139 2198 1179 2257 de
1199 2216 1246 2271 eo,
1264 2195 1315 2255 sed

317 2315 402 2355 nuno
411 2294 431 2328 ¹¹
445 2296 631 2355 breuitatem
643 2296 796 2356 sermonis
810 2297 978 2357 ineruditio
988 2316 1076 2357 meae
1086 2296 1213 2373 linguae
1224 2295 1316 2355 iacit:

316 2397 455 2454 ettamen
471 2395 581 2471 cogito,
598 2396 664 2455 Deo
678 2396 856 2470 adiuuante,
874 2416 911 2455 ex
927 2399 1067 2472 tempore
1081 2395 1206 2472 plenius
1221 2394 1262 2455 de
1283 2414 1316 2453 eo

317 2492 451 2552 scribere
464 2513 542 2569 quae
556 2494 654 2553 oeulis
667 2493 742 2568 uidi,
761 2498 792 2554 et
806 2494 933 2555 auribus
947 2494 1055 2555 audiui
1066 2496 1093 2553 ¹⁸.

350 2654 739 2719 ¹atinquitscribeoitoedd.
827 2655 936 2707 ’stom⁸
949 2656 1010 2707 edd.
1100 2656 1319 2707 ’sententiandi
1396 2654 1397 2657 ’

316 2735 377 2784 edd.
528 2734 538 2762 ¹
555 2749 610 2783 uer.
625 2735 679 2783 dix.
691 2751 764 2785 eous.
776 2740 816 2783 est
828 2736 888 2785 edd.
1049 2732 1059 2764 ⁸
1074 2736 1175 2798 possim
1188 2736 1250 2786 inu.
1262 2736 1319 2785 edd.

316 2814 327 2842 ⁸
342 2816 440 2875 sancto,
455 2828 516 2861 oum
529 2813 660 2875 Spiritum
673 2815 803 2863 Sanctum
815 2816 988 2876 nominasset,
1000 2814 1127 2876 spiritum
1137 2830 1152 2861 e
1161 2832 1182 2863 c.
1194 2816 1261 2863 exh.
1272 2815 1319 2862 ult

316 2894 344 2939 et
355 2893 394 2939 aio
405 2907 486 2953 mgna
498 2892 626 2953 migrauit
636 2893 671 2941 ad
680 2893 807 2941 caelestia
817 2894 877 2943 edd.
938 2892 948 2921 ¹
965 2894 1037 2942 boati
1048 2895 1133 2956 patris
1144 2893 1254 2941 obitum
1263 2893 1320 2941 edd.

316 2969 325 2996 ⁸
343 2970 431 3017 ullum
442 2974 491 3018 odd
503 2970 562 3019 edd.
645 2971 655 3000 ⁰
672 2972 702 3019 in
713 2987 758 3020 om.
770 2971 829 3021 edd.
909 2970 926 2999 ¹⁰
944 2986 1019 3020 suam
1031 2988 1075 3021 σηι.
1086 2972 1146 3020 edd.
1228 2970 1248 3001 ¹¹
1265 2974 1322 3020 eius

316 3064 360 3097 om.
373 3048 435 3098 odd.
565 3046 584 3075 ¹²
600 3048 753 3111 spiritualia
764 3054 813 3099 odd
823 3051 884 3098 edd.
1010 3050 1030 3079 ¹³
1046 3049 1080 3098 ad
1091 3051 1127 3113 gl.
1140 3050 1190 3098 Dei
1202 3068 1251 3099 om.
1263 3050 1321 3099 edd.

316 3124 334 3152 ¹⁶
352 3125 408 3174 Deo
419 3127 485 3175 uiuo
496 3128 598 3175 otnero
610 3126 671 3176 edd.
795 3126 814 3159 ¹⁵
832 3129 898 3177 scito
910 3131 1002 3178 autern
1014 3128 1099 3178 frater
1110 3130 1253 3177 canusinae
1264 3128 1322 3177 edd.

316 3200 335 3230 ¹⁴
351 3204 422 3265 quod
434 3204 522 3253 multu
534 3220 644 3255 narrare
655 3206 755 3267 possim
768 3204 827 3257 edd.
904 3204 922 3233 ¹¹
940 3220 1013 3255 nuno
1024 3220 1069 3257 om.
1081 3206 1143 3255 edd.
1221 3206 1241 3235 ¹⁸
1258 3210 1323 3257 atta·
1394 3216 1395 3219 ’

316 3296 379 3329 men
393 3318 400 3331 .
412 3318 418 3331 .
432 3282 545 3331 ,audiui
557 3298 602 3331 om,
612 3282 674 3332 edd.
