2859 4334
147 253 206 300 ca».
220 247 278 312 nc]
450 238 566 305 Gentis
588 239 793 325 duplorum.
1038 248 1104 312 22³

149 431 249 472 unum
265 413 392 490 quidem
407 434 533 474 mouere
551 415 619 492 ipsa
633 415 830 477 membrum¹
844 417 971 480 ualeret
1013 419 1101 480 Haec

147 510 200 571 ubi
214 531 326 588 corpus
340 512 512 574 abbatissae
526 515 713 575 uenerabilis
727 517 762 575 in
772 516 933 577 ecclesiam
947 518 1095 593 delatum,

146 609 245 670 donae
266 611 443 687 sepulturae
463 614 595 688 daretur,
618 615 774 691 cognouit,
798 616 969 692 postulauit
988 636 1022 676 ss
1042 617 1097 677 illo

145 708 268 782 adferri,
299 713 332 769 et
358 712 393 770 in
421 712 550 772 modum
579 713 736 774 orantium
762 714 801 774 ad
829 713 908 774 illud
937 715 1094 776 adclinari.

146 807 236 882 Quod
255 808 331 868 dum
351 809 446 883 fieret,
467 814 554 887 quasi
571 811 733 871 uiuentem
751 812 902 883 adlocuta,
915 813 1044 890 rogauit,
1062 816 1099 874 ut

145 908 228 983 apud
243 907 486 968 misericordiam
500 909 544 986 pii
553 910 729 971 conditoris
739 911 916 988 inpetraret,
928 932 962 972 se
971 932 990 972 a
1000 912 1098 972 tantis

145 1009 273 1084 tamque
287 1003 417 1068 diutinis
431 1008 616 1069 cruciatibus
629 1009 756 1070 absolui.
787 1010 852 1070 Nec
866 1011 968 1071 multo
978 1011 1097 1071 tardius

146 1106 289 1165 exaudita
303 1107 369 1180 est;
387 1125 463 1166 nam
476 1111 546 1183 post
559 1107 626 1168 dies
636 1109 704 1168 XII
715 1111 748 1168 et
760 1108 828 1186 ipsa
838 1109 948 1170 educta
957 1129 995 1168 ex
1005 1129 1097 1170 carne

146 1204 331 1280 temporales
344 1205 538 1266 adflictiones
550 1209 676 1266 aeterna
690 1207 849 1267 mercede²
863 1209 1007 1270 mutauit.

186 1301 267 1361 Cum
291 1323 364 1363 uero
387 1305 524 1380 praelata
546 1305 663 1366 Christi
691 1306 809 1366 famula
832 1306 1008 1384 Torctgyd³
1032 1309 1096 1368 tres

144 1399 245 1460 adhuc
269 1421 369 1462 annos
389 1405 459 1480 post
480 1403 601 1464 obitum
624 1404 769 1464 dominae
792 1405 827 1463 in
847 1405 905 1465 hac
927 1406 992 1466 uita
1013 1408 1096 1466 tene·

145 1501 238 1574 retur,
266 1501 299 1560 in
327 1505 452 1562 tantum
477 1523 520 1578 aa,
546 1523 639 1580 quam
667 1503 884 1580 praediximus,
910 1504 1095 1566 infirmitate

145 1599 270 1660 decocta
285 1603 341 1676 est,
359 1603 395 1660 ut
411 1600 464 1662 uix
484 1601 605 1660 ossibus
625 1601 767 1675 hereret3
788 1603 826 1661 ad
846 1601 1004 1678 ultimum,
1022 1623 1094 1664 cum

31 1709 124 1760 irrina
144 1703 270 1776 tempus
284 1701 347 1759 iam
362 1700 560 1761 resolutionis
571 1699 639 1760 eius
652 1700 790 1776 instaret,
804 1721 868 1760 uon
882 1701 986 1761 solum
1000 1723 1097 1763 mem·

31 1775 67 1816 Ἀ
144 1797 271 1858 brorum
286 1801 465 1874 ceterorum,
483 1799 537 1859 sed
553 1803 584 1859 et
598 1799 723 1876 linguae
737 1803 825 1860 motu
840 1800 938 1860 caruit
947 1803 965 1862 ⁴.
1005 1801 1094 1877 Quod

143 1898 220 1958 dum
236 1897 337 1958 tribus
351 1897 460 1958 diebus
474 1901 506 1958 et
521 1898 651 1958 totidem
667 1898 812 1958 noctibus
825 1901 976 1976 ageretur,
989 1901 1095 1961 subito

143 1997 266 2057 uisioue
287 1995 420 2073 spiritali
441 1999 580 2070 recreata,
602 2017 638 2056 os
658 2000 689 2056 et
710 1997 816 2056 oculos
835 1999 975 2075 aperuit;
996 2019 1096 2077 aspec-

144 2099 276 2172 tansque
307 2095 341 2155 in
369 2095 497 2170 caelum,
528 2095 572 2155 sic
598 2096 637 2156 ad
666 2115 743 2165 eam.
775 2116 870 2173 quam
904 2096 1091 2173 intuebatur,

143 2194 297 2255 uisiouem
318 2195 417 2271 coepit
437 2195 545 2273 loqui:
569 2195 702 2255 ‘Gratus
722 2195 803 2254 mihi
821 2197 870 2255 est
888 2196 1027 2257 multum
1043 2199 1093 2258 ad·

100 2283 103 2292 ’
142 2296 259 2354 uentus
273 2295 354 2368 brus,
372 2295 403 2353 et
421 2293 501 2354 bene
519 2294 655 2355 uenisti!
697 2293 740 2354 Et
757 2294 816 2354 hoc
830 2293 912 2356 dicto
927 2316 1095 2374 parumper

142 2393 275 2466 reticuit,
301 2392 389 2470 quasi
411 2413 594 2469 responsum
619 2393 693 2468 eius,
718 2413 812 2470 quem
836 2393 963 2455 uidebat
987 2397 1019 2454 et
1042 2396 1093 2456 cui

142 2491 335 2568 loquebatur,
360 2497 533 2570 expectans
579 2493 787 2570 Rursumque,
812 2493 900 2570 quasi
921 2493 1032 2554 leuiter
1049 2494 1094 2555 in·

142 2591 278 2670 dignata,
289 2591 481 2653 subiunxit³:
503 2592 719 2670 ‘Nequaquam
733 2592 792 2652 hoc
805 2591 887 2653 laeta
900 2592 981 2652 ferre
991 2595 1092 2670 queo!

140 2691 340 2768 Rursumque
363 2691 520 2753 modicum
542 2691 647 2766 silens,
676 2692 770 2751 tertio
792 2691 890 2752 dixit:
922 2693 974 2752 ‘Si
995 2692 1091 2752 nulla

139 2792 233 2850 tenus
247 2789 340 2850 hodie
355 2789 422 2850 fieri
432 2793 541 2868 potest,
553 2790 688 2864 obsecro,
703 2810 744 2849 ne
754 2789 795 2849 sit
809 2790 940 2867 longum
955 2791 1091 2867 spatium

138 2889 174 2949 in
196 2889 320 2950 medio!
362 2889 457 2964 Dixit,
480 2892 520 2964 et,
544 2889 625 2950 sicut
647 2894 746 2964 antea,
768 2891 898 2967 parum⁸
918 2890 1022 2964 silens,
1047 2891 1091 2951 ita

139 3009 318 3049 sermonem
342 2989 514 3050 conclusit:
546 2989 597 3049 ‘Si
620 2989 810 3049 omnimodis
835 2989 879 3049 ita
902 2988 1090 3049 delinitum⁷

139 3092 196 3163 est,
214 3108 316 3164 nequa
335 3087 415 3148 hauc
432 3089 620 3148 seutentiam
636 3087 708 3148 licet
722 3087 880 3162 inmutari,
899 3088 1032 3162 obsecro,
1049 3106 1091 3146 ne

138 3187 276 3264 amplius
290 3207 384 3265 quam
402 3189 478 3248 haec
491 3187 689 3248 solummodo
707 3187 849 3264 proxima
865 3206 928 3246 nox
947 3187 1090 3247 intersit'

140 3286 262 3362 Quibus
276 3287 374 3361 dictis,
389 3286 578 3364 interrogata
592 3306 610 3346 a
623 3285 928 3360 circumsedentibus,
942 3305 1014 3345 cum
1029 3307 1091 3362 quo

138 3385 338 3462 loqueretur:
377 3385 473 3446 ‘Cum
509 3385 688 3460 carissima'
716 3385 830 3463 inquit,
870 3386 957 3444 ‘mea
991 3387 1091 3446 matre

136 3482 371 3562 Aedilburge⁸.'
413 3485 462 3544 Ex
480 3505 543 3561 quo
562 3485 752 3559 intellexere,
769 3483 852 3561 quod
871 3483 939 3561 ipsa
953 3484 1002 3544 ei⁰
1016 3487 1093 3545 lem·

170 3613 178 3642 ¹
197 3613 380 3662 membrorum
398 3613 429 3674 B,
454 3616 529 3660 rotat
546 3613 569 3660 N
586 3616 631 3661 tas
646 3627 675 3660 aa
691 3627 726 3660 aa
741 3614 874 3660 admira
889 3615 988 3671 caudina
1002 3627 1033 3660 oa
1056 3616 1092 3662 tte

135 3697 241 3752 morfia.
372 3687 516 3740 ’marcide
528 3690 564 3740 li.
705 3687 914 3753 'tochtgyd0¹;
931 3689 1092 3751 torcht0²;

136 3769 250 3832 toragyd
263 3769 294 3820 N.
340 3768 467 3818 ‘careret
477 3769 505 3820 0.
518 3769 561 3820 Bl.
605 3769 865 3818 ⁵subsubiunxitc.
908 3767 1050 3831 ‘paruum
1062 3768 1090 3817 0.

135 3847 480 3966 :dtilluu-M.cndprot.B¹.
598 3845 727 3897 'edil-N
739 3863 747 3907 ;
763 3847 923 3908 aedilburga
934 3845 981 3908 0¹5
997 3861 1041 3910 -ga
1051 3846 1090 3897 0².

161 3931 176 3966 e
231 3953 237 3966 .
