2859 4334
142 1259 503 1316 DESIDERANTISSIMO
534 1259 581 1317 ΕΤ
612 1260 939 1318 REUERENTISSIMO
971 1260 1080 1316 PATRI

188 1383 337 1450 ALBINO,
358 1383 483 1440 BAEDA
501 1384 648 1440 CHRISTI
668 1384 844 1441 FAMULUS
862 1383 1035 1441 SALUTEM

168 1558 434 1614 Gmusumsensu
446 1557 557 1628 suscepi
569 1557 739 1612 munusculo
750 1560 817 1613 tuse
831 1556 1000 1621 dilectionis,
1015 1575 1088 1628 quse

133 1665 184 1718 per
197 1646 393 1703 uenerabilem
406 1647 523 1701 fratrem
541 1648 670 1700 nostrum
689 1645 874 1701 Nothelmum
890 1647 1089 1716 presbyterum

132 1735 252 1791 mittere
278 1734 413 1805 dignatus
435 1751 472 1799 es,
494 1737 525 1789 et
546 1732 671 1790 maxime
691 1733 811 1798 litteras,
833 1734 935 1804 quibus
959 1752 1004 1790 me
1029 1734 1087 1789 ism

132 1823 260 1879 secunda
284 1823 346 1878 uice
373 1821 404 1876 in
428 1821 622 1878 ecclesiastica
646 1821 741 1893 gentis
768 1826 882 1878 nostrae
903 1822 1031 1887 historie,
1052 1823 1089 1876 nd

130 1929 219 1980 quem
228 1927 274 1966 me
282 1909 457 1966 scribendum
466 1909 632 1964 iamdudum
640 1909 838 1980 instigsuerus,
847 1910 944 1966 creber
954 1909 1089 1965 adiuuere

130 2005 221 2069 etque
231 1997 380 2055 instituere
390 1999 504 2053 curasti.
536 1998 656 2067 Propter
664 1998 740 2067 quod
753 2002 784 2054 et
796 1999 855 2070 ipse
866 1997 921 2053 tibi
934 1997 1090 2054 rectissime

130 2087 255 2143 eundem
279 2085 436 2149 historiam,
461 2104 527 2142 mox
553 2088 586 2140 ut
611 2103 805 2142 consummare
825 2087 917 2156 potui,
939 2086 976 2141 nd
995 2090 1089 2140 trans·

130 2175 316 2232 scribendum
330 2173 434 2231 remisi.
467 2175 521 2230 Sed
535 2177 566 2230 et
577 2173 663 2238 eliud,
678 2174 753 2244 quod
766 2179 795 2230 te
808 2175 914 2244 partim
927 2173 1088 2230 desiderare

129 2262 271 2334 comperi,
284 2263 419 2318 uolumen
432 2262 485 2318 tibi
498 2262 563 2320 nice
578 2262 817 2318 remunerationis
835 2280 925 2332 neque
944 2263 980 2317 ud
998 2267 1090 2317 truns-

129 2351 317 2408 scribendum
340 2349 492 2411 destinaui,
519 2349 656 2408 uidelicet
681 2349 762 2415 illud,
785 2349 861 2418 quod
885 2349 921 2405 de
946 2352 1090 2404 structure

129 2439 236 2510 templi
252 2437 408 2495 Salomonis
420 2441 507 2507 etque
515 2437 670 2510 allegorice
677 2437 738 2494 eius
745 2437 987 2506 interpretatione
998 2455 1090 2508 nuper

128 2528 220 2585 edidi.
256 2527 359 2596 Teque,
379 2525 574 2583 amentissime
593 2530 684 2598 peter,
705 2525 825 2596 supplex
844 2526 968 2591 obsecro,
988 2530 1020 2581 ut
1038 2543 1090 2596 pro

129 2635 196 2672 men
221 2613 380 2685 fragilitate
402 2631 466 2669 cum
487 2614 540 2676 his,
559 2614 605 2684 qui
632 2618 729 2671 tecum
749 2618 824 2680 snut,
848 2613 962 2669 tumulis
985 2613 1090 2670 Christi

126 2705 210 2776 apud
225 2703 304 2774 pium
318 2702 443 2759 Iudicem
461 2703 572 2759 sedulus
588 2703 766 2760 intercedere
784 2701 965 2766 meminerim
991 2703 1040 2758 sed
1060 2705 1090 2758 et

127 2811 185 2856 eos,
207 2791 246 2846 ad
262 2807 332 2860 quos
352 2791 451 2846 eadem
467 2795 565 2845 nostru
583 2789 720 2860 opusculo
737 2789 890 2860 peruenire
909 2789 1017 2853 feceris,
1035 2789 1089 2845 hoc

126 2881 209 2938 idem
224 2877 320 2934 fecere
332 2877 483 2933 monueris.
521 2878 599 2933 Bene
618 2878 692 2944 usle,
713 2895 825 2949 semper
843 2876 1038 2934 amentissime
1058 2876 1089 2931 in

127 2967 248 3024 Christo
261 2971 347 3037 pater
358 2965 474 3037 optime.
