2859 4334
298 273 364 337 396
595 272 751 339 Hictom'u
772 271 945 339 Abbutum

129 470 247 519 HQ„
336 461 377 516 23.
398 445 491 519 Igitur
508 446 641 503 omnibus
657 446 776 517 paratis,
794 451 825 504 et
843 446 890 502 die
907 444 1094 517 profectionis
1111 444 1249 512 instante,
1263 448 1341 493 M

126 531 283 577 lcsvsofthe
299 534 468 591 conuocauit
485 535 516 590 in
536 535 705 593 aecclesiam
723 536 828 592 fratres
845 534 895 604 qui
915 536 998 591 erant
1021 533 1053 588 in
1076 531 1249 589 monasterio
1264 509 1279 567 3
1294 521 1324 562 ¹⁷·

299 622 378 679 beati
403 623 491 693 Petri,
517 626 548 679 et
566 640 638 693 quae
663 622 830 693 disponeret
850 622 960 694 pandit.
1005 621 1128 677 Flebant
1152 638 1250 677 omnes

299 714 416 767 ruentes
440 711 470 765 in
495 710 606 776 faciem,
631 711 774 781 pedesque
801 710 880 766 illius
905 709 1152 781 adprehendunt¹,
1180 708 1251 765 tusis

299 798 424 855 lacrimis
443 800 600 867 obsecrant,
614 816 650 855 ne
668 803 731 855 tam
749 798 918 870 repentinus
935 799 1112 865 abscederet,
1130 798 1180 854 sed
1199 798 1249 854 uel

300 905 358 943 una
386 888 434 944 die
465 888 542 958 apud
572 904 619 944 eos
649 887 823 944 subsisteret
866 886 1025 957 Adquieuit
1054 885 1249 957 precantibus,
1417 939 1418 958 ,

300 975 460 1045 mansitque
473 976 549 1045 apud
562 993 610 1032 eos
621 975 669 1031 die
683 974 736 1031 illa
748 979 778 1031 et
789 979 882 1041 nocte,
895 978 959 1033 erat
969 978 1066 1032 autern
1078 974 1169 1031 testis
1177 974 1252 1029 feria

1420 1771 1421 1812 ι

128 590 256 637 brothton.

300 1067 368 1121 ante
386 1064 559 1120 dominicam
579 1064 655 1120 diem
673 1064 872 1130 Pentecosten,
889 1067 920 1120 et
937 1080 1030 1128 mane,
1046 1062 1252 1120 comitantibus

300 1152 438 1224 plurimis,
452 1152 595 1223 profectus
607 1154 652 1208 cst
661 1152 697 1207 sd
711 1152 813 1209 fratres
825 1152 933 1223 positos
943 1151 975 1207 in
986 1152 1158 1208 monasterio
1170 1150 1251 1207 beati

301 1240 392 1309 Pauli,
415 1241 581 1310 locutusque
606 1258 672 1296 cum
697 1240 747 1305 eis,
770 1239 839 1310 quia
865 1239 946 1297 abire
974 1238 1033 1296 ism
1057 1239 1251 1311 disposuimet,

301 1329 450 1385 indicauit.
487 1328 542 1384 Et¹
554 1328 612 1383 illis
625 1328 749 1383 multum
767 1328 953 1399 plorantibus,
966 1345 999 1384 sc
1016 1328 1053 1385 dc
1066 1327 1176 1400 sutbito
1189 1327 1250 1383 eius
1265 1334 1324 1378 tau
1333 1348 1355 1378 ι

301 1419 418 1474 decessu
431 1416 560 1476 turbatis.
575 1415 679 1473 leniter
690 1434 724 1473 ac
736 1416 841 1472 blande
854 1416 958 1472 affatus
970 1416 1126 1485 uniuersos,
1138 1416 1251 1489 rogauit

301 1506 354 1563 ut⁸
372 1505 509 1577 regulam,
527 1524 614 1574 quam
631 1506 775 1571 docuerat,
792 1508 948 1571 seruarent,
966 1505 999 1560 in
1015 1505 1119 1562 timore
1137 1505 1251 1561 Domini

301 1598 510 1665 permanerent,
529 1612 622 1663 neque
647 1594 711 1659 iter,
732 1595 806 1664 quod
827 1598 1023 1666 proposuerat,
1039 1594 1099 1649 suis
1120 1594 1250 1665 precibus

302 1684 470 1752 fletibusque
488 1682 660 1752 inpedirent,
680 1686 710 1739 et
729 1681 765 1746 ei,
784 1682 895 1753 siquid
916 1682 1157 1753 intemperantius
1178 1682 1251 1737 iusto

303 1771 417 1844 egisset,
428 1770 542 1827 ueniam
555 1770 666 1837 darent,
680 1770 748 1841 quia
760 1774 791 1826 et
803 1770 863 1842 ipse
876 1770 994 1835 cunctis,
1008 1771 1058 1841 qui
1069 1789 1100 1827 se
1112 1770 1144 1825 in
1155 1770 1252 1840 aliquo

303 1860 491 1925 offenderant,
517 1859 575 1914 inm
601 1862 664 1915 toto
690 1878 727 1916 ex
755 1861 839 1916 corde
865 1859 1018 1924 dimiserit,
1043 1858 1252 1929 Dominamque

303 1948 433 2007 omnibus
444 1949 590 2018 placatum
603 1966 662 2004 esse
676 1952 706 2004 et
718 1951 788 2005 tunc
800 1952 831 2005 et
843 1966 955 2019 semper
966 1948 1122 2019 optauerit.

338 2053 381 2105 24·
400 2036 464 2093 Non
488 2040 585 2092 autem
603 2054 703 2106 parurn
726 2036 776 2091 diu
794 2036 991 2093 obnitentibus
1007 2036 1125 2092 tandem
1143 2034 1253 2107 etipse
1268 2042 1305 2089 ib.

304 2126 426 2181 multum
438 2123 590 2180 lacrimans
601 2122 738 2188 obtinuit,
746 2124 879 2195 quatinus
892 2125 919 2183 ei
932 2142 997 2180 cum
1009 2124 1209 2181 benedictione
1222 2127 1254 2181 et

303 2212 400 2284 gratia
429 2212 544 2268 decenti
571 2210 670 2267 nisndi
699 2211 848 2268 licentiam
874 2212 985 2277 darent,
1009 2212 1255 2284 precabanturque

304 2300 419 2369 obnixe,
430 2304 462 2356 ut
469 2300 493 2355 si
506 2301 542 2356 sd
553 2300 702 2357 beatorum
710 2300 910 2370 Apostolorum
919 2301 982 2357 loca
991 2318 1072 2357 secra
1079 2300 1255 2371 perueniret,

304 2390 410 2446 crebris
429 2407 476 2445 eos
495 2388 545 2442 in¹
564 2387 695 2458 precibus
714 2388 837 2443 Domino
855 2390 1086 2457 commendaret;
1105 2387 1149 2443 si*
1167 2392 1255 2443 antea

302 2478 446 2541 tmnsiret,
482 2493 534 2548 pro
568 2494 664 2534 eorum
698 2493 811 2547 semper
845 2475 1044 2533 incolumitate
1075 2476 1254 2533 intercedere

302 2566 487 2622 meminisset.

330 2668 373 2725 25.
393 2654 538 2709 Profectus
547 2657 591 2709 est
599 2652 645 2709 die
655 2652 780 2720 eodem‘,
788 2650 848 2708 siue
857 2652 998 2709 desiderio
1005 2651 1105 2708 uiandi
1113 2668 1255 2713 accensus,
1271 2665 1308 2709 ssa

306 2760 355 2799 seu
368 2742 529 2813 lugentium
542 2742 663 2796 lratmm
675 2741 756 2797 tedio
771 2741 932 2811 conpulsus,
944 2740 1125 2813 praecipiens
1140 2744 1174 2795 ut
1189 2756 1256 2795 cnm

305 2848 372 2887 suae
401 2829 495 2900 gratia
524 2828 740 2894 benedictionis,
773 2828 855 2884 iuxta
885 2829 1014 2900 regulam
1043 2827 1137 2884 sancti
1164 2827 1257 2898 patris

307 2918 457 2975 Benedicti
481 2921 511 2975 et
534 2916 578 2972 sui
603 2919 714 2972 statuta
738 2916 891 2988 priuilegii,
916 2934 1125 2986 quemcumque
1143 2916 1180 2972 de
1199 2916 1259 2971 suis

305 3006 463 3077 digniorem
476 3007 619 3076 putarent,
630 3005 764 3061 abbatem
776 3004 831 3061 sibi
843 3005 1060 3062 constituissent
1065 3002 1086 3060 ⁷.
1120 3004 1259 3060 Rediens·

305 3112 360 3165 que
373 3095 409 3150 ad
428 3093 633 3150 monasterium
651 3092 730 3149 beati
749 3093 827 3149 Petri
848 3110 913 3149 mox
931 3110 1016 3150 mane
1036 3092 1122 3159 facto,
1140 3096 1261 3149 cantata

307 3180 410 3238 misss⁸
433 3184 469 3237 ad
494 3185 625 3237 sunctum
650 3182 775 3247 Petrum,
795 3185 827 3237 et
842 3182 879 3237 ad
904 3185 1035 3237 sanctam
1060 3180 1192 3247 Mariam,
1217 3184 1259 3249 et,

307 3269 587 3327 communicantibus
614 3269 664 3339 qui
692 3270 818 3335 aderunt,
848 3269 1002 3326 confestim
1030 3272 1148 3339 paratus
1173 3274 1260 3325 uocat

305 3360 409 3415 fratres
422 3375 520 3413 omnes
532 3358 562 3412 in
575 3356 745 3414 aecclesiam
761 3358 765 3425 Ι
781 3357 860 3415 beati
872 3357 958 3422 Petri,
971 3360 1054 3429 rogat
1066 3375 1118 3428 pro
1130 3374 1160 3413 se
1170 3374 1260 3421 orare,
1276 3362 1297 3408 t
1309 3367 1337 3407 ss
1346 3364 1370 3405 a.

306 3446 378 3503 dicit
397 3446 503 3515 etipse
521 3446 691 3514 orationem,
708 3444 841 3503 accendit
858 3444 1026 3515 thymiama,
1043 3444 1208 3515 habensque
1228 3444 1261 3499 in

306 3532 1262 3605 manaturribulumconsistit'ingradibuaubilegerecousuerat¹⁰,

307 3624 357 3679 dat
367 3622 494 3679 osculum
503 3620 643 3693 plurimis,
652 3638 719 3675 nam
731 3638 767 3677 uc
780 3620 913 3677 omnibus
924 3624 1031 3693 posset,
1040 3620 1123 3676 luctu
1130 3624 1161 3678 et
1169 3638 1220 3677 sno
1230 3626 1261 3677 ct

339 3760 658 3812 ι-ιίιιιιιοιὀίιιισνιιιιινι.
742 3760 870 3813 ’tunsa
961 3763 1118 3812 ’utum
1201 3760 1261 3811 ‘in

306 3845 418 3895 masat.
485 3843 646 3895 'sineret
707 3842 827 3895 ⁸euclem
838 3844 936 3896 iudet
1003 3842 1228 3895 'comtihrcrsut
1238 3846 1261 3897 δ.

311 3926 419 3975 'missa
430 3928 508 3976 om&
574 3926 756 3978 ’constititt
832 3926 851 3956 ¹⁰
866 3927 976 3977 -rmta
