2859 4334
157 246 310 310 cn.x1x.]
467 236 582 303 Gentis
604 237 808 323 aegrotem.
1043 241 1106 305 163

155 395 280 469 gentem
290 392 475 454 Merciorum
486 395 564 454 duce
573 414 643 472 rege
651 394 761 455 Penda
770 396 921 456 aduersus
932 395 1107 458 Orientales

154 492 279 568 Anglos
297 493 330 551 in
344 491 463 553 bellum
482 494 653 570 procedere,
672 495 734 572 qui,
753 495 829 554 dum
843 515 878 554 se
895 495 1058 556 inferiores
1072 496 1107 556 in

154 589 238 650 bello
262 590 406 652 hostibus
429 592 651 669 conspicerent,
677 596 867 678 rogauerunt
891 593 1106 671 Sigberetum¹

154 689 192 748 ad
214 689 465 750 confirmandum
484 689 620 750 militem
641 710 747 751 secum
763 691 872 752 uenire
889 691 923 751 in
940 692 1104 769 proelium

155 786 217 847 Illo
245 787 373 848 nolente
407 807 442 847 ae
477 789 713 864 contradicente,
745 789 884 850 inuitum
918 791 1108 851 monasterio

155 887 298 946 eruentes
333 886 490 946 duxerunt
527 886 562 947 in
602 891 768 962 certamen,
804 891 964 965 sperantes
1001 889 1108 949 minus

154 982 278 1044 animos
312 984 452 1044 militum
487 985 649 1062 trepidare,
687 985 795 1045 minus
827 988 989 1062 praesente
1029 987 1107 1047 duce

157 1081 315 1158 quondam
325 1082 545 1143 strenuissimo
554 1085 586 1143 et
600 1082 715 1144 eximio
729 1103 819 1160 posse
831 1084 941 1162 fugam
950 1085 1103 1146 meditari

157 1179 217 1240 Sed
232 1181 299 1261 ipse
315 1181 515 1258 professionis
533 1200 607 1241 suae
625 1202 690 1241 non
709 1181 874 1258 inmemor,
891 1183 968 1242 dum
982 1182 1107 1260 opimo²

158 1281 239 1340 esset
252 1279 388 1341 uallatus
403 1280 547 1356 exercitu,
566 1279 694 1340 nonnisi
711 1281 834 1358 uirgam
852 1284 977 1342 tentum
991 1282 1107 1342 habere

157 1377 193 1438 iu
205 1397 302 1438 mauu
317 1377 438 1439 uoluit:
460 1379 636 1455 occisusque
652 1381 700 1439 est
711 1398 856 1439 unacum
867 1399 939 1457 rege
948 1380 1076 1457 Ecgrice
1084 1382 1104 1455 ³,

157 1479 189 1537 et
211 1481 343 1537 cunctus
366 1497 482 1552 eorum,
507 1477 726 1538 insistentibus
747 1478 883 1556 paganis,
911 1498 1016 1539 caesus
1039 1479 1107 1539 siue

158 1573 337 1653 dispersus*
351 1575 511 1636 exercitus

199 1675 364 1736 Successor
387 1677 494 1734 autem
522 1674 608 1752 regni
637 1675 766 1735 eorum⁶
788 1674 890 1736 fectus
917 1678 964 1736 est
991 1677 1107 1737 Anne*

57 1797 97 1838 ·.u
158 1773 242 1834 filius
256 1773 319 1834 Eni
337 1771 342 1853 Ι
360 1773 399 1832 de
413 1773 498 1850 regio
511 1792 632 1850 genere,
647 1773 697 1832 uir
707 1773 853 1850 optimus,
867 1776 961 1851 atque
971 1776 1108 1851 optimae

157 1871 281 1948 genitor
294 1871 418 1948 sobolis,
436 1872 474 1932 de
494 1865 607 1948 quibus
626 1871 661 1931 in
678 1873 881 1949 sequentibus
897 1892 954 1933 suo
968 1877 1107 1950 ternpore

157 1972 325 2032 dicendum
347 1973 413 2046 est;
441 1971 495 2048 qui
520 1973 552 2031 et
576 1971 642 2049 ipse
666 1975 773 2050 postea
793 1972 832 2032 ab
856 1973 966 2033 eodem
987 1992 1108 2050 pagano

157 2071 344 2132 Merciorum
362 2072 447 2146 duce,
467 2090 485 2130 a
505 2090 566 2148 quo
584 2074 616 2130 et
635 2071 885 2147 prodecessores⁷
898 2072 974 2148 eius,
991 2071 1108 2133 occisus

156 2173 211 2232 est

530 2372 622 2434 CAP.
647 2371 737 2431 XIX.

159 2525 187 2572 Ut
196 2525 302 2571 Perseus
309 2525 375 2580 epae
385 2523 510 2570 orientales
517 2524 606 2580 Aneros
617 2524 786 2569 monasteriam
791 2521 891 2578 feeerit,-
908 2524 929 2567 ct
939 2522 966 2567 de
977 2522 1109 2568 ammius

239 2604 276 2650 uel
292 2605 412 2650 canditate
429 2603 486 2658 eiua
505 2603 544 2648 cut
560 2603 632 2647 etiam
649 2615 701 2646 coro
713 2603 767 2657 pest
782 2603 878 2647 mortem
894 2601 1028 2656 inempta

474 2683 631 2726 testimonium
643 2682 796 2736 perhibuerit.

86 2871 92 2880 ι
198 2797 319 2859 Uener
341 2797 419 2858 dum
432 2797 533 2857 adhuc
552 2796 713 2874 Sigberct⁸
736 2795 824 2874 regni
842 2796 959 2856 infules
977 2797 1105 2868 teneret,
1126 2817 1263 2864 maesse.

35 2905 62 2974 ,g
83 2887 104 2971 ἶ,
155 2897 340 2975 superuenit
368 2897 402 2957 de
429 2897 574 2957 Hibernia
598 2898 648 2954 atr
674 2897 803 2955 sanetus
823 2897 941 2955 nomine
966 2895 1104 2968 Furseus,
1125 2878 1212 2924 Μ·

35 3063 36 3070 1
109 3023 118 3046 v
154 2997 254 3057 uerbo
275 2999 306 3055 et
326 2995 446 3056 actibus
461 2997 567 3070 clames,
583 2995 634 3055 sed
654 2995 686 3053 et
707 2993 838 3071 egregiis
859 2993 993 3070 insignis
1012 2992 1109 3053 uirtu-

35 3083 44 3092 ⁴
156 3096 251 3169 tibus,
269 3093 397 3172 cupiens
411 3113 467 3172 pro
481 3093 625 3167 Domino,
644 3092 832 3170 ubicumque
845 3091 905 3151 sibi
919 3093 1108 3169 oportunum

157 3195 323 3266 inueniret,
354 3191 549 3270 peregrinam
577 3192 686 3250 ducere
709 3190 822 3268 uitam.
881 3190 942 3265 Qui
969 3209 1041 3249 cum
1069 3189 1108 3249 ad

35 3333 63 3365 t,
156 3291 352 3370 prouinciam
374 3289 580 3352 Orientalium
605 3288 800 3366 peruenisset
820 3289 1025 3366 Anglorum⁹,
1049 3307 1110 3349 stes·

156 3397 256 3468 ceptus
268 3395 310 3452 cet
323 3391 478 3465 honorifice
492 3409 512 3449 a
524 3407 586 3464 rege
599 3387 746 3465 praefato,
764 3391 796 3448 et
809 3387 938 3448 solitum
957 3386 1016 3448 sibi
1031 3407 1109 3464 opus

157 3488 391 3568 euangelizandi
412 3507 591 3565 exsequente,
618 3486 737 3546 multos
755 3491 786 3547 et
807 3487 950 3564 exemplo
970 3486 1104 3561 uirtutis,

157 3593 189 3651 et
209 3589 413 3650 incitamento
434 3585 594 3660 sermonis,
617 3585 668 3644 uel
689 3585 866 3646 incredulos
886 3585 925 3646 ad
946 3584 1108 3646 Christum

187 3747 198 3776 ¹
215 3747 369 3798 -berchtum
381 3747 401 3796 C
413 3762 420 3807 ;
436 3745 585 3796 bercetum
596 3744 631 3794 N.
723 3742 733 3771 ¹
749 3745 841 3806 opinio
850 3744 884 3793 N.
983 3741 993 3771 ¹
1009 3757 1050 3792 -co
1061 3741 1109 3801 B¹;

152 3830 261 3893 egei-ico
272 3825 312 3876 θ’.
385 3825 548 3887 ‘dispersus
558 3825 598 3872 est
609 3823 642 3873 B.
716 3822 852 3872 ‘illorum
864 3822 898 3872 N.
972 3820 1064 3870 'anni
1076 3820 1108 3870 N.

152 3908 162 3938 ²
179 3923 236 3958 ·sor
248 3907 277 3957 0.
290 3903 332 3958 13².
390 3903 399 3931 ¹
414 3903 519 3954 ·bercht
532 3903 569 3962 ῦς
586 3901 693 3950 -berech
706 3901 739 3952 N.
803 3902 814 3932 ⁰
829 3902 903 3965 angl.
913 3915 986 3964 peru.
999 3899 1030 3950 0.
1040 3897 1085 3952 13³.

604 4009 661 4050 12
