2859 4334
356 271 420 334 ros
628 267 784 334 nassa
806 266 1038 334 seusatus
1189 277 1295 342 [aar.

1388 362 1389 401 ι

355 446 525 506 fidissimus
536 444 662 522 quidam
673 443 792 504 amicus
805 442 892 503 illius
905 441 1157 516 animaduertit¹,
1173 443 1295 503 intrauit
1388 448 1389 519 i

345 545 542 623 ¹cubiculum,
562 564 624 621 quo
644 543 780 604 dormire
798 542 991 618 disponebat,
1008 545 1075 602 erat
1096 541 1184 602 enim
1203 542 1296 619 prima

355 642 432 703 hora
452 643 561 716 noctis,
584 645 616 702 et
637 643 801 701 euocatum
820 640 910 712 foras,
932 641 1007 717 quid
1028 660 1100 717 erga
1120 660 1194 700 eum
1215 659 1295 717 agere

356 762 409 802 rex
430 741 629 818 promisisset,
647 740 832 815 edocuit-et
852 738 981 816 insuper
1003 739 1133 798 adiecit:
1158 739 1210 799 ‘si
1231 759 1295 816 ergo
1388 804 1389 813 χ

356 840 412 914 uis,
430 841 488 900 hac
502 840 569 916 ipsa
582 839 658 899 hora
671 839 800 898 educam
813 841 846 898 te
860 837 970 897 dehac
985 837 1154 914 prouincia.
1170 839 1251 897 etea
1266 837 1293 895 in
1388 870 1389 895 ι

355 938 421 998 loca
444 937 648 1011 introducam,
674 936 730 996 ubi
750 956 926 1013 numquam
949 939 981 995 te
1002 935 1053 996 uel
1074 935 1225 1012 Reduald,
1251 934 1293 994 uel

354 1035 528 1097 Aedilfrid²
543 1036 686 1096 inuenire
697 1032 841 1095 ualeant’
870 1035 932 1109 Qui
941 1035 1004 1096 ait:
1022 1036 1163 1095 ‘Gratias
1175 1035 1293 1112 quidem

354 1155 412 1212 ago
425 1134 662 1196 beneuolentiae
675 1138 767 1208 tuae;
788 1153 853 1194 non
867 1138 974 1194 tamen
988 1134 1047 1194 hoc
1056 1133 1156 1194 facore
1163 1153 1291 1211 possum¹

354 1234 437 1311 quod
455 1233 603 1312 suggeris,
620 1234 675 1293 ut³
693 1236 828 1310 pactum,
850 1234 933 1309 quod
952 1252 1024 1293 cum
1037 1235 1129 1293 tanto
1149 1253 1220 1310 rege
1232 1231 1290 1304 inii,

354 1333 422 1409 ipse
444 1332 566 1408 primus
591 1331 716 1391 irritum
739 1331 858 1404 faciam
885 1351 958 1391 cum
978 1330 1033 1390 ille
1055 1331 1136 1390 mihi
1160 1332 1207 1391 ni]
1226 1329 1294 1390 maii

354 1429 468 1504 fecerit,
480 1431 527 1489 nil
540 1431 641 1491 adhuc
651 1428 887 1490 inimicitiarum
895 1429 1048 1491 intulerit.
1094 1430 1178 1506 Quin
1189 1429 1290 1507 potius,

355 1529 381 1588 si
409 1529 579 1590 moriturus
609 1549 689 1603 sum,
724 1529 779 1587 ille
805 1549 858 1588 me
885 1529 986 1605 magis
1013 1549 1107 1606 quam
1139 1528 1295 1607 ignobilior

354 1628 485 1705 quisque
499 1627 594 1687 morti
606 1627 717 1688 tradat.
762 1627 831 1702 Quo
844 1627 930 1687 enim
944 1647 1030 1687 nunc
1040 1627 1168 1704 fugiam,
1182 1628 1234 1704 qui
1246 1645 1294 1705 per

354 1745 464 1786 omnes
484 1725 657 1785 Brittaniae
673 1725 851 1802 prouincias
870 1728 918 1785 tot
938 1745 1094 1786 annorum
1116 1729 1293 1803 temporum·

355 1844 416 1901 que
429 1824 591 1884 curriculis
600 1823 803 1900 negabundus
811 1827 821 1854 ⁴
830 1823 971 1884 hostium
979 1824 1120 1885 uitabam
1130 1825 1256 1885 insidias
1265 1822 1294 1882 t’

354 1922 501 1983 Abeunte
518 1923 615 2000 igitur
635 1922 744 1997 amico,
762 1923 910 1983 remansit
929 1923 1087 1983 Aeduini⁸
1109 1923 1194 1984 solus
1214 1922 1292 1993 foris

354 2022 554 2098 residensque
594 2023 714 2080 mestus
748 2024 821 2081 ante
854 2021 1014 2097 palatium,
1051 2021 1163 2082 multis
1201 2019 1295 2097 coepit
1388 2050 1389 2055 ι

354 2119 578 2197 cogitationum
593 2119 731 2179 aestibus
747 2119 835 2194 affici,
853 2120 928 2197 quid
941 2123 1054 2198 egeret,
1071 2140 1173 2197 quoue
1191 2119 1295 2198 pedem

354 2220 497 2293 uerteret,
515 2217 646 2278 nescius

395 2319 536 2394 Cumque
555 2317 608 2376 diu
630 2315 732 2376 tacitis
753 2316 871 2377 mentis
890 2317 1066 2394 angoribus,
1083 2321 1116 2378 et
1136 2338 1221 2379 caeco
1236 2335 1323 2376 car-e
1310 2323 1390 2428 ctist

354 2415 503 2492 per'etur
493 2416 568 2492 igni,
589 2415 671 2474 uidit
692 2414 797 2474 subito
818 2415 1007 2494 intempesta
1027 2419 1120 2477 nocte
1138 2384 1358 2493 silentiotu
1312 2460 1355 2512 t·
1346 2456 1375 2496 „

353 2514 655 2590 adpropinquantem
683 2512 744 2572 sibi
778 2514 940 2576 hominem
974 2515 1046 2576 uult
1032 2519 1085 2576 tus
1118 2516 1298 2590 habitusque

354 2612 528 2688 incogniti;
556 2631 649 2689 quem
672 2611 791 2687 uidens,
816 2617 853 2673 ut
876 2613 1020 2691 ignotum
1041 2617 1074 2674 et
1093 2615 1296 2692 inopinatum,

354 2732 418 2772 non
432 2731 543 2788 parum
562 2710 694 2787 expauit.
740 2713 785 2771 At
805 2712 860 2771 ille
881 2714 1030 2774 accedens
1050 2715 1200 2775 salutauit
1216 2731 1295 2784 eum,

354 2814 386 2871 et
404 2809 615 2886 interrogauit,
636 2829 731 2885 quare
751 2810 805 2870 illa
824 2810 908 2887 hora,
929 2814 1039 2874 ceteris
1059 2813 1296 2891 quiescentibus,

354 2912 385 2969 et
412 2908 476 2968 alto
504 2927 613 2985 sopore
643 2907 766 2984 pressis,
794 2909 879 2969 solus
907 2911 974 2987 ipse
996 2917 1119 2975 mestus
1139 2917 1175 2977 in
1200 2913 1301 2991 lapide

352 3006 485 3084 peruigil
507 3007 634 3066 sederet.
679 3009 724 3067 At
748 3007 803 3067 ille
824 3007 962 3070 uicissim
983 3011 1202 3088 sciscitabatur,
1224 3009 1301 3090 quid

352 3106 391 3166 ad
412 3125 485 3166 eum
506 3105 683 3182 pertineret,
703 3109 812 3166 utrum
830 3106 896 3184 ipse
914 3107 1002 3169 intus
1021 3130 1063 3170 an
1083 3112 1162 3173 foris
1179 3115 1301 3173 noctem

353 3204 544 3281 transigeret.
590 3204 651 3278 Qui
674 3205 865 3282 respondens
888 3207 954 3268 ait·
987 3208 1052 3269 ‘Ne
1079 3230 1132 3270 me
1160 3210 1303 3272 aestimes

353 3307 424 3362 tuae
452 3302 606 3362 mestitiae
642 3307 672 3362 et
707 3303 946 3381 insomniomm,
978 3311 1011 3368 et
1044 3308 1212 3371 forinsecae
1248 3307 1302 3367 et‘

353 3401 507 3461 solitariae
529 3401 674 3461 sessionis
699 3422 823 3463 causam
843 3404 983 3480 nescire;
1010 3407 1075 3467 scio
1097 3410 1182 3469 enim
1199 3407 1305 3467 certis·

354 3499 433 3558 sime
453 3500 567 3575 quies,
588 3501 619 3558 et
641 3520 735 3576 quare
757 3521 866 3576 meres,
890 3507 922 3563 et
943 3525 1022 3581 quae
1038 3510 1171 3568 uentura
1188 3506 1247 3565 tibi
1269 3507 1303 3564 in

354 3595 496 3675 proximo
516 3597 599 3658 mala
618 3598 775 3660 formidas
820 3600 881 3661 Sed
901 3602 995 3663 dicito
1016 3604 1107 3681 mihi,
1129 3604 1199 3683 quid
1219 3624 1306 3664 mer-

386 3757 394 3788 ¹
413 3758 531 3807 cerco.
543 3756 583 3807 13².
690 3757 700 3786 ²
716 3763 1308 3826 secuique-uarosueeowuiurby0'3

355 3853 375 3884 r.
387 3839 458 3893 note,
473 3851 498 3897 p.
509 3853 547 3898 44.
606 3836 616 3866 ³
634 3838 706 3898 quod
718 3838 763 3888 M‘.
812 3840 822 3868 ⁸
838 3841 958 3902 pondus
968 3859 995 3891 or
1006 3843 1120 3894 -r'undus
1130 3845 1173 3894 1¹.
1233 3844 1246 3874 ⁸
1262 3845 1309 3894 ed·

355 3914 439 3962 uuine
452 3913 488 3973 C;
504 3914 599 3962 eduini
611 3915 660 3977 13¹3
678 3932 723 3966 ·ne
734 3915 775 3982 B’,
789 3923 839 3968 ond
850 3936 874 3968 eo
885 3923 954 3980 qstes.
1052 3924 1109 3972 ‘ac
1120 3923 1148 3973 C.
