2859 4334
153 283 212 334 co.
227 278 358 342 xxxia]
456 267 571 334 Gentio
593 269 797 354 Aeplorom.
1062 274 1100 335 71

151 459 246 518 supra
271 441 470 520 sepulchrum
493 443 560 503 eius
585 443 639 502 lux
662 443 803 503 caelestia
826 443 977 521 apparuit,
1005 445 1103 506 donee

151 541 437 601 animaduertentes
457 541 559 614 uicini,
585 541 639 619 qui
661 543 817 616 uidebant,
841 546 983 603 sanctum
1008 545 1104 604 fuisse

151 639 267 712 uirum,
292 639 346 715 qui
370 640 415 699 ibi
436 643 516 700 easet
537 641 685 717 sepultus,
709 645 741 700 et
761 641 994 718 inuestigantes,
1018 643 1103 702 unde

151 739 201 798 uel
218 738 291 815 quis
310 740 398 812 esset,
414 739 612 800 abstulerunt
630 760 747 816 corpus,
765 744 797 800 et
818 742 853 801 in
872 741 1015 800 Bononia
1032 742 1104 801 ciui-

151 839 217 894 tate
237 836 326 897 iuxta
345 838 495 898 honorem
518 841 607 898 tanto
630 836 698 896 uiro
721 858 895 916 congruum
918 838 954 898 in
977 839 1104 899 ecclesia

150 939 332 1010 posuerunt.

492 1158 583 1219 OAP.
609 1157 761 1219 XXXIV.

153 1327 181 1372 Ut
192 1327 314 1382 Aedilfiid
323 1323 330 1351 ¹
344 1339 383 1370 rec
394 1327 641 1380 Nordontymbroncm
655 1327 781 1371 Scottorum
790 1321 799 1349 ¹
810 1330 885 1382 pentae
893 1327 979 1382 proelio
989 1330 1105 1373 conterens

432 1405 605 1460 ιιηῐιΑιιρΙοιι
581 1405 660 1458 mfim
656 1405 705 1448 'tcta
715 1405 834 1460 apulerit.

192 1536 259 1596 H1s
283 1533 476 1611 temporibus
496 1554 591 1610 regno
616 1535 948 1612 Nordanbymbrorum
969 1537 1103 1614 praefuit
1123 1547 1281 1592 strennuos

149 1655 205 1694 rex
224 1633 413 1694 fortissimus
432 1637 463 1692 et
481 1632 595 1710 gloriae
613 1633 833 1710 cupidissimus
849 1634 1023 1694 Aedillrid¹
1025 1656 1104 1712 ,qui
1096 1608 1257 1712 gamunu?

149 1735 224 1811 plus
243 1733 391 1792 omnibus
409 1732 584 1808 Anglorum
603 1732 790 1809 primatibus
809 1737 936 1810 gentem
950 1735 1104 1796 uastauit
1122 1728 1167 1831 {¹¹
1157 1727 1237 1830 ,ωξιξθ

150 1835 367 1906 Brettonum3
391 1831 436 1892 ita
464 1834 500 1891 ut
529 1830 615 1891 Sauli
643 1832 801 1907 quondam
826 1832 891 1909 regi
919 1832 1106 1894 Israeliticae

149 1931 258 2011 gentis
278 1931 492 2007 conparandus
513 1930 678 2004 uideretur,
702 1935 830 2007 excepto
851 1931 1014 1992 dumtaxat
1036 1933 1101 2006 hoc,

149 2032 237 2110 quod
261 2029 386 2090 diuinae
406 2031 472 2089 erat
493 2028 681 2106 religionis
672 2046 809 2105 ignarus,
854 2030 956 2089 Nemo
970 2032 1056 2090 enim
1071 2031 1105 2090 in

150 2129 299 2202 tribunis,
320 2147 413 2188 nemo
431 2126 466 2188 in
488 2127 613 2204 regibus
633 2128 739 2205 plures
760 2148 868 2188 eorum
888 2132 994 2202 terras,
1012 2132 1106 2188 exter·

150 2227 285 2289 minatis
306 2226 357 2285 uel
377 2225 549 2302 subiugatis
569 2225 733 2302 indigenis,
751 2229 806 2286 aut
826 2224 1004 2286 tributariae
1019 2226 1107 2303 genti

151 2326 343 2404 Anglorum,
365 2327 420 2384 aut
443 2323 626 2384 habitabiles
650 2325 732 2385 fecit.
777 2324 836 2385 (lui
855 2325 966 2384 merito
988 2330 1106 2402 poterat

152 2425 245 2492 illud.
264 2425 347 2500 quod
367 2422 553 2483 benedicens
573 2421 675 2481 filium
696 2423 867 2499 patriarcha
887 2423 921 2482 in
941 2443 1106 2500 personam

30 2543 88 2615 ’ξω
100 2530 130 2574 ³¹·
152 2523 262 2586 Saulis
275 2522 402 2596 dicebat,
423 2521 543 2598 aptari:
567 2520 771 2580 ‘Beniamin‘
785 2521 878 2599 lupus
896 2541 997 2599 rapax,
1014 2543 1107 2582 mane

30 2615 40 2636 ''
151 2622 298 2684 comedet
311 2621 457 2698 praedam
471 2623 503 2680 et
517 2639 644 2696 uespere
658 2619 777 2680 diuidet
790 2620 910 2696 spolia'

196 2721 293 2782 Unde
301 2721 406 2779 motus
417 2719 484 2778 eius
493 2718 683 2795 profectibus
691 2720 802 2779 Aedan
812 2719 823 2750 ⁸
834 2738 888 2778 rex
900 2719 1103 2791 Scottoruml,
1124 2733 1225 2780 nereca

152 2820 212 2900 qui
241 2818 429 2878 Brittaniam
456 2816 641 2894 inhabitant,
673 2817 762 2876 uenit
793 2820 899 2878 contra
931 2838 1003 2878 eum
1034 2838 1106 2877 cum
1124 2793 1282 2898 ἥθὲζέξῖξ

153 2921 302 2982 inmenso
332 2935 366 2976 ao
393 2915 465 2975 forti
493 2915 647 2991 exercitu;
682 2915 736 2975 sed
769 2936 841 2976 cum
874 2917 979 2992 paucis
1006 2911 1281 3026 ¹¹5⁰i1¹⁸⁰{¹1³,.ss{¹‡‘¹

151 3017 309 3096 aufugit.
354 3013 548 3090 Siquidem'
539 3033 573 3073 in
595 3013 661 3073 loco
683 3014 890 3089 celeberrimo,
917 3014 972 3091 qui
995 3015 1223 3079 diciturenim...

152 3119 340 3194 Dogsastan,
368 3113 470 3172 idest
496 3112 598 3189 Degse
621 3112 707 3190 lupia,
736 3113 839 3172 omnia
867 3133 946 3188 pene
970 3113 1039 3172 eius
1062 3117 1109 3173 est
1126 3091 1172 3144 ⁶⁰³

151 3235 266 3278 caesus
277 3213 474 3272 ⁸exercitus
523 3210 563 3270 In
588 3231 649 3288 qua
673 3211 768 3270 etiam
796 3231 901 3288 pugna
928 3211 1107 3271 Theodbald

153 3319 252 3377 frater
273 3310 461 3372 Aedilfridi’
482 3329 555 3369 eum
574 3330 660 3369 omni
652 3309 740 3383 'illo,
764 3329 857 3386 quem
878 3310 945 3386 ipse
965 3310 1104 3382 ducebat,

153 3412 297 3475 exercitu
317 3415 474 3489 peremtus
495 3412 550 3469 est.
596 3407 684 3482 Quod
703 3407 849 3466 uidelicet
866 3407 986 3466 bellum
1003 3407 1107 3467 Aedil-

154 3510 235 3574 frid¹
251 3531 335 3571 anno
350 3511 388 3570 ab
401 3508 613 3570 incarnatione
628 3506 758 3566 Domini
769 3506 887 3582 D0111,
900 3507 989 3583 regni
1003 3507 1108 3564 autem

188 3695 316 3746 ¹aee-c.
398 3689 556 3740 'rectomm
568 3687 617 3750 N¹;
634 3689 786 3738 brittonum
798 3687 840 3738 N'.
927 3687 1110 3737 'tutabatst

154 3773 330 3826 ‘benaamin
347 3769 392 3820 11¹.
454 3769 567 3818 'eaden
579 3768 610 3817 N.
688 3765 826 3825 ‘storum
844 3770 1054 3816 cananaeorum
1067 3767 1110 3815 N1.

154 3853 163 3883 ²
181 3855 274 3904 uictus
286 3855 383 3898 inserted
394 3853 461 3898 utere
472 3853 506 3896 the
518 3851 563 3896 tine
575 3851 602 3894 in
614 3845 648 3895 M.
660 3843 841 3906 asbrautugit.
940 3843 950 3872 ⁸
966 3859 1054 3894 cesena
1065 3843 1109 3893 m

157 3937 213 3982 ein
218 3935 331 3992 sermore
342 3931 430 3976 deleted.
496 3927 506 3956 ’
523 3924 658 3975 aedilfridi
670 3924 708 3983 ῦς
726 3923 893 3972 aedilbericti
907 3923 939 3972 N.
