2859 4334
369 215 434 279 242
639 215 797 283 Historia
819 214 1053 282 Eooleaioatioa
1197 223 1263 288 [ura.
1278 224 1323 276 lv.

368 390 562 469 Romamque
582 392 704 452 rediens
725 393 860 453 referret.
905 392 986 452 Nam
1008 395 1040 451 et
1059 392 1216 469 synodum
1237 387 1324 448 beati

367 508 464 566 papae
474 491 612 564 Martini,
623 497 752 553 eentum
763 492 904 570 quinque
916 492 1132 570 episcoporum
1145 485 1322 550 consensu¹

367 609 432 650 non
446 592 547 652 multo
561 596 634 652 ante
648 594 766 654 Romae
775 594 969 668 celebratam,
984 596 1091 653 contra
1104 611 1157 650 eos
1171 591 1319 662 maxime,

366 690 419 766 qui
434 711 530 752 unam
548 693 582 752 in
601 693 726 755 Christo
745 694 954 771 operationem
973 695 1006 752 et
1021 691 1218 751 uoluntatem
1237 709 1322 766 prae·

366 788 518 865 dioabant,
541 789 545 867 Ι
564 812 669 852 secum
692 793 824 853 ueniens
845 793 981 866 adtulit;
1006 796 1100 870 atque
1120 792 1156 850 in
1181 789 1321 867 praefato
1334 801 1391 852 itae

365 986 499 1048 bendam
535 991 754 1051 commodauit
812 990 903 1051 Tales
937 1010 1073 1068 namque
1104 1010 1143 1049 eo
1177 992 1320 1064 tempore

365 1086 460 1147 fidem
482 1089 843 1166 Constantinopolitanae
866 1089 1011 1150 eeclesiae
1031 1089 1172 1150 multum
1197 1089 1318 1147 oontur·

363 1183 558 1262 bauerunt²;
586 1188 640 1248 sed
669 1189 806 1249 Domino
833 1189 992 1249 donante⁸
1013 1187 1128 1266 proditi
1151 1187 1218 1246 iam
1242 1191 1317 1246 tune

363 1287 395 1343 et
410 1284 486 1344 uioti
500 1289 583 1346 eunt
627 1287 722 1347 Unde
734 1287 985 1365 uolensAgatho
998 1307 1084 1363 papa
1100 1286 1185 1346 siout
1198 1285 1234 1345 in
1248 1283 1316 1344 aliis

363 1383 540 1457 prouinciis,
568 1385 612 1446 ita
635 1386 732 1447 etiam
754 1388 789 1446 in
810 1387 966 1447 Brittania
986 1385 1086 1463 qualis
1109 1389 1193 1446 esset
1217 1387 1315 1444 status

363 1479 516 1556 eeclesiae,
539 1503 632 1560 quam
657 1485 696 1544 ab
720 1484 929 1545 heretioorum
952 1483 1102 1560 contagiis
1123 1486 1238 1554 caetus,
1257 1480 1314 1541 edi·

362 1595 454 1652 scere,
478 1579 537 1639 hoo
568 1581 731 1657 negotium
759 1581 1014 1643 reuerentissimo
1041 1581 1147 1641 abbati
1179 1577 1312 1640 Iohanni

361 1674 550 1738 Brittaniam
575 1680 730 1740 destinato
757 1680 905 1741 iniunxit.
949 1680 1159 1755 Quamobrem
1188 1679 1312 1738 collecta

360 1792 416 1849 pro
438 1776 498 1836 hoo
519 1777 554 1837 in
578 1779 735 1840 Brittania
755 1782 882 1858 synodo,
903 1800 997 1858 quam
1019 1779 1165 1839 diximus.
1186 1777 1310 1837 inuenta

360 1875 407 1931 est
433 1873 467 1933 in
496 1875 643 1936 omnibus
667 1876 746 1937 fides
774 1878 930 1938 inuiolata
952 1875 1122 1949 catholiea3
1143 1875 1309 1949 datumque

360 1971 409 2031 illi
422 1973 433 2004 ⁴
447 1974 606 2050 exemplar
620 1975 687 2035 eius
701 1977 836 2036 Romam
849 1975 1078 2053 perferendum.

189 2076 235 2119 His
246 2077 328 2122 uentu
371 2127 374 2134 .
402 2069 523 2132 Uerum
536 2071 590 2132 ille
609 2073 740 2150 patriam
758 2076 927 2145 reuertens,
943 2094 1009 2134 non
1026 2073 1128 2134 multo
1147 2077 1306 2150 postquam

358 2189 509 2230 ooeanum
539 2171 674 2246 transiit,
705 2176 848 2250 arreptus
874 2173 1060 2234 infirmitate
1087 2193 1122 2233 ao
1147 2172 1306 2232 damnatus

358 2269 427 2341 est;
449 2287 622 2344 corpusque
640 2269 763 2328 eiusab
782 2269 892 2330 amicis
910 2271 1036 2347 propter
1053 2289 1192 2329 amorem
1210 2267 1304 2328 saneti
1396 2312 1397 2337 a

358 2365 494 2440 Martini,
513 2365 601 2426 ouius
619 2366 809 2427 monasterio
827 2370 972 2444 praeerat,
994 2365 1151 2426 mronis⁸
1171 2365 1303 2426 delatum
1395 2410 1396 2427 a

357 2466 451 2540 atque
483 2463 653 2524 honorifice
686 2466 867 2542 sepultum⁸
899 2468 955 2525 est.
997 2465 1078 2524 Nam
1110 2468 1141 2524 et
1173 2464 1302 2541 benigno

357 2561 503 2622 eeclesiae
516 2561 604 2621 illius
620 2561 765 2639 hospitio,
783 2583 865 2622 oum.
873 2562 1063 2622 Brittaniam
1076 2562 1145 2635 iret,
1163 2565 1301 2637 exoeptus

355 2662 412 2733 est,
430 2662 616 2736 rogatusque
634 2661 774 2721 multum
790 2681 810 2720 a
829 2659 987 2732 fratribus,
1004 2662 1040 2718 ut
1057 2659 1192 2718 Romam
1210 2677 1300 2718 muer*

355 2758 427 2816 tens
438 2757 456 2831 ⁷,
482 2757 538 2817 illo
566 2756 679 2817 itinere
702 2757 834 2832 ueniret,
861 2759 955 2834 atque
982 2757 1020 2816 ad
1044 2777 1115 2816 eam
1141 2757 1297 2817 diuerteret

357 2855 518 2916 eeclesiam
530 2878 538 2930 ;
573 2855 708 2933 denique
732 2855 851 2917 ibidem
875 2855 1031 2915 adiutores
1056 2855 1181 2916 itineris
1206 2861 1236 2915 et
1257 2853 1297 2912 in·

358 2952 458 3013 iuneti
473 2953 575 3031 operis
588 2953 712 3032 aooepit.
744 2953 805 3028 Qui
819 2954 878 3014 etsi
892 2954 927 3013 in
940 2953 1053 3013 itinere
1068 2953 1232 3014 defunctus
1243 2958 1292 3015 est.

355 3052 564 3113 nihilominus
597 3053 777 3130 exemplum
817 3052 987 3114 ostholieae
1020 3051 1095 3112 fidei
1129 3051 1294 3130 Anglorum

355 3151 489 3210 Romam
509 3151 664 3227 perlatum
686 3154 742 3227 est,
759 3154 853 3229 atque
871 3151 910 3210 ab
927 3151 1097 3228 apostolioo
1113 3171 1192 3229 papa
1208 3147 1293 3210 omni·

355 3248 482 3325 busque,
514 3249 568 3326 qui
598 3249 725 3310 audiere
757 3251 808 3309 uel
842 3249 952 3325 legere,
982 3250 1214 3326 gratantissimo
1235 3265 1291 3305 sue

354 3349 490 3423 ceptum.

387 3493 578 3546 ¹ooneeeau0.
672 3495 1033 3546 nranimento-rantra
1121 3490 1287 3546 'inmun

353 3573 513 3623 ‘satillid
590 3573 829 3626 ‘toronieti¹.N¹.
894 3575 1022 3626 ⁶·tueM.
1084 3569 1285 3625 'smenon
