2859 4334
295 252 359 315 280
417 250 575 316 Historia
584 248 816 314 Ecclesiastico
827 247 942 314 Gentis
953 245 1158 333 Arapbmcm.

295 425 383 484 oculo
398 423 530 485 exitium
547 424 685 483 humana
703 443 817 483 manus
833 442 939 482 curare
955 422 1081 497 ualeret,
1099 421 1177 499 quin
1192 441 1254 498 per

296 524 362 584 dies
386 526 569 600 augesceret,
594 522 723 599 contigit
747 542 819 581 eum
841 521 946 581 subito
970 521 1097 581 dirrinae
1120 519 1252 596 pietatis

296 622 394 701 gratia
407 641 463 698 per
474 621 662 682 sanctissimi
676 621 772 698 patris
782 617 964 680 Oudbercti¹
975 619 1124 696 reliquias
1133 619 1249 679 sanari

296 721 378 781 Nam
406 721 530 797 quando
558 721 669 780 fratres
697 719 746 779 sui
773 738 884 796 corpus
910 718 1010 796 ipsius
1034 720 1106 796 post
1128 717 1251 778 multos

296 820 470 896 sepulturae
490 839 589 879 annos
611 819 826 896 incorruptum
848 814 1079 893 reppererunt²0
1104 816 1250 877 tulerunt

295 921 415 995 partem
430 919 468 979 de
482 917 610 994 capillis,
627 936 723 994 quam
742 935 830 976 more
849 915 1051 992 reliquiarum
1065 914 1250 990 rogantibus

296 1015 404 1075 amicis
418 1016 498 1088 dare,
517 1014 568 1074 uel
582 1014 747 1073 ostendere
759 1014 793 1072 in
808 1013 934 1089 signum
949 1010 1094 1072 miraculi
1107 1015 1245 1088 possent

336 1113 459 1173 Harum
478 1113 663 1190 particulam
680 1112 882 1189 reliquiarum
900 1131 937 1171 eo
955 1114 1097 1188 tempore
1114 1109 1248 1172 habebat

295 1231 390 1289 penes
414 1211 599 1288 sequidem
623 1211 661 1271 de
685 1210 876 1288 presbyteris
899 1210 1039 1269 eiusdem
1064 1209 1248 1268 monasterii

296 1313 423 1372 nomine
437 1310 611 1370 Thruidred
622 1311 641 1385 ³,
660 1309 713 1387 qui
733 1329 818 1369 nunc
837 1309 935 1387 ipsius
953 1307 1136 1369 monasterii
1153 1307 1249 1368 abbas

296 1414 351 1472 est
397 1409 551 1485 Quicum
572 1409 621 1468 die
644 1408 777 1486 quadam
798 1408 958 1485 ingressus
977 1406 1149 1480 ecclesiam,
1165 1426 1249 1482 apen

296 1508 393 1568 uisset
407 1508 530 1569 thecam
545 1506 755 1584 reliquiarum,
770 1508 807 1566 ut
818 1505 994 1583 portionem
1004 1525 1111 1565 earum
1125 1506 1249 1581 roganti

295 1607 393 1667 amico
407 1608 584 1684 praestaret,
602 1605 733 1682 contigit
749 1607 781 1664 et
798 1604 901 1681 ipsum
919 1603 1151 1664 adulescentem
1160 1604 1179 1677 ⁴,
1197 1605 1250 1664 cui

296 1706 404 1765 oculus
431 1704 607 1781 languebat,
629 1700 632 1782 l
651 1705 685 1763 in
713 1703 821 1763 eadem
853 1706 929 1763 tunc
958 1701 1105 1762 ecclesia*
1129 1702 1245 1763 adesse.
1269 1721 1329 1778 a„
1342 1735 1365 1764 ι
1411 1699 1412 1782 J

296 1805 436 1881 Cumque
458 1802 620 1880 presbyter
639 1803 824 1879 portionem,
849 1803 998 1878 quantam
1019 1801 1130 1876 uoluit,
1147 1801 1251 1861 amico
1411 1789 1412 1800 J

296 1902 440 1977 dedisset,
466 1901 625 1961 residuum
646 1901 734 1961 dedit
755 1899 954 1975 adulescenti,
980 1902 1016 1959 ut
1040 1920 1098 1959 suo
1120 1899 1155 1959 in
1179 1901 1250 1960 loco

296 2003 465 2078 reponeret.
512 2001 556 2059 At
576 1999 631 2058 ille
652 1999 769 2059 salubri
789 1998 941 2059 instinctu
962 1998 1151 2072 admonitus,
1174 2019 1250 2059 cum

295 2099 462 2176 accepisset
486 2097 613 2174 capillos
640 2098 739 2157 sancti
765 2097 881 2174 capitis,
912 2097 1057 2173 adposuit
1083 2097 1250 2174 palpebrae

295 2198 466 2276 languenti,
497 2200 528 2257 et
562 2195 743 2274 aliquandiu
777 2199 934 2255 tumorem
969 2195 1062 2255 illum
1096 2195 1250 2255 infestum

295 2297 409 2356 horum
442 2294 635 2372 adpositione
651 2295 857 2371 ¹conprimere
889 2315 924 2354 ac
956 2295 1081 2354 mollire
1108 2294 1246 2353 curabat

297 2395 364 2469 Quo
378 2395 467 2468 facto,
485 2393 642 2469 reliquias,
659 2395 696 2452 ut
710 2392 814 2452 iussus
828 2395 901 2467 erat,
920 2413 977 2452 sua
994 2392 1029 2452 in
1043 2393 1133 2453 theca
1145 2412 1252 2451 recon-

296 2492 383 2566 didit,
408 2492 536 2550 credens
557 2511 650 2550 suum
672 2490 798 2550 oculum
819 2491 939 2567 capillis
959 2491 1021 2550 uiri
1042 2492 1109 2564 Dei,
1134 2490 1251 2567 quibus

295 2591 436 2651 adtactus
457 2593 530 2664 erat,
548 2588 633 2649 ocius
652 2609 719 2649 esse
743 2591 925 2650 sanandum
971 2589 1081 2667 Neque
1098 2609 1172 2649 eum
1192 2609 1251 2650 sua

296 2689 373 2749 fides
387 2688 505 2748 fefollit.
551 2687 626 2747 Erat
645 2687 740 2762 enim,
757 2691 794 2747 ut
812 2688 925 2748 referre
943 2690 1011 2747 est‘
1032 2688 1152 2762 solitus,
1171 2690 1252 2748 tuno

296 2787 372 2847 hora
396 2787 517 2847 circiter
544 2786 679 2846 monada
704 2786 773 2846 diet
818 2787 878 2848 Sed
903 2807 977 2847 cum
1004 2787 1073 2862 alia,
1108 2807 1252 2864 quaeque

296 2887 361 2946 dies
381 2886 436 2945 illa
455 2884 604 2962 exigebat,
623 2885 771 2961 cogitaret
790 2889 821 2945 et
839 2887 959 2960 faceret,
976 2886 1154 2946 inminente
1171 2885 1252 2944 hora

296 2985 394 3060 ipsius
407 2982 470 3043 diei
485 2987 578 3057 sexta
598 2986 725 3060 repente
739 2984 924 3062 contingens
938 2985 1064 3045 oculum
1077 2986 1122 3044 ita
1134 3004 1250 3044 sanum

296 3103 367 3143 cum
382 3083 527 3160 palpebra
541 3082 672 3156 inuenit,
690 3101 725 3141 ac
739 3082 766 3141 si
780 3081 828 3142 nil
842 3103 992 3160 umquam
1006 3084 1042 3143 in
1056 3104 1092 3144 eo
1106 3080 1252 3144 deformi·

297 3183 372 3243 tatis
386 3203 420 3242 ac
435 3181 570 3242 tumoris
584 3180 787 3258 apparuisset

327 3331 335 3359 ¹
353 3331 467 3379 -berchti
479 3332 505 3378 C.
551 3327 560 3356 ¹
578 3331 747 3392 reperierunt
759 3330 805 3390 a;
822 3333 994 3392 reppererant
1006 3330 1036 3380 B.
1087 3328 1250 3390 ’thrydred

297 3410 325 3458 B.
340 3410 360 3458 O
373 3425 379 3469 ;
393 3407 509 3471 thryded
524 3409 554 3456 N.
677 3407 686 3436 ¹
704 3408 819 3457 adulisc·
831 3407 865 3457 ll.
879 3408 907 3457 C.
1031 3407 1042 3437 ⁵
1057 3408 1117 3456 eccl.
1130 3412 1199 3456 tune
1211 3409 1249 3458 Ι.

296 3491 305 3519 ⁸
321 3489 378 3536 erat
391 3487 424 3536 ll.
