<?xml version="1.0" encoding="UTF-8"?>
<!DOCTYPE html PUBLIC "-//W3C//DTD XHTML 1.0 Transitional//EN"
    "http://www.w3.org/TR/xhtml1/DTD/xhtml1-transitional.dtd">
<html xmlns="http://www.w3.org/1999/xhtml" xml:lang="en" lang="en">
 <head>
  <title>
</title>
<meta http-equiv="Content-Type" content="text/html;charset=utf-8" />
  <meta name='ocr-system' content='tesseract 3.04.00' />
  <meta name='ocr-capabilities' content='ocr_page ocr_carea ocr_par ocr_line ocrx_word'/>
</head>
<body>
  <div class='ocr_page' id='page_1' title='image "./venerabilisbaed03plumgoog_0521.png"; bbox 0 0 2859 4334; ppageno 0'>
   <div class='ocr_carea' id='block_1_1' title="bbox 159 266 1107 353">
    <p class='ocr_par' dir='ltr' id='par_1_1' title="bbox 159 266 1107 353">
     <span class='ocr_line' id='line_1_1' title="bbox 159 266 1107 353; baseline -0.004 -20"><span class='ocrx_word' id='word_1_1' title='bbox 159 277 313 344; x_wconf 64' lang='lat' dir='ltr'>essm]</span> <span class='ocrx_word' id='word_1_2' title='bbox 459 266 574 335; x_wconf 79' lang='lat' dir='ltr'>Gentis</span> <span class='ocrx_word' id='word_1_3' title='bbox 596 266 802 353; x_wconf 77' lang='lat' dir='ltr'>Anplonnm.</span> <span class='ocrx_word' id='word_1_4' title='bbox 1041 266 1107 330; x_wconf 75' lang='lat'>829</span> 
     </span>
    </p>
   </div>
   <div class='ocr_carea' id='block_1_2' title="bbox 25 440 1273 3663">
    <p class='ocr_par' dir='ltr' id='par_1_2' title="bbox 156 440 1108 1010">
     <span class='ocr_line' id='line_1_2' title="bbox 158 440 1108 519; baseline 0 -18"><span class='ocrx_word' id='word_1_5' title='bbox 158 440 273 502; x_wconf 88' lang='lat' dir='ltr'>melius</span> <span class='ocrx_word' id='word_1_6' title='bbox 282 440 458 519; x_wconf 74' lang='lat' dir='ltr'>habentem,</span> <span class='ocrx_word' id='word_1_7' title='bbox 473 460 508 502; x_wconf 85' lang='lat' dir='ltr'>ac</span> <span class='ocrx_word' id='word_1_8' title='bbox 522 444 599 519; x_wconf 75' lang='lat' dir='ltr'>boni</span> <span class='ocrx_word' id='word_1_9' title='bbox 611 442 675 503; x_wconf 85' lang='lat' dir='ltr'>iem</span> <span class='ocrx_word' id='word_1_10' title='bbox 687 440 856 516; x_wconf 81' lang='lat' dir='ltr'>uolentem,</span> <span class='ocrx_word' id='word_1_11' title='bbox 872 440 962 501; x_wconf 83' lang='lat' dir='ltr'>flexis</span> <span class='ocrx_word' id='word_1_12' title='bbox 975 440 1108 518; x_wconf 78' lang='lat' dir='ltr'>genibus</span> 
     </span>
     <span class='ocr_line' id='line_1_3' title="bbox 156 540 1103 619; baseline 0 -18"><span class='ocrx_word' id='word_1_13' title='bbox 156 543 270 617; x_wconf 70' lang='lat' dir='ltr'>gratiae</span> <span class='ocrx_word' id='word_1_14' title='bbox 290 540 354 618; x_wconf 87' lang='lat' dir='ltr'>egit</span> <span class='ocrx_word' id='word_1_15' title='bbox 375 541 441 601; x_wconf 88' lang='lat' dir='ltr'>Deo</span> <span class='ocrx_word' id='word_1_16' title='bbox 462 558 528 601; x_wconf 70' lang='lat' dir='ltr'>nent</span> <span class='ocrx_word' id='word_1_17' title='bbox 549 543 690 617; x_wconf 70' lang='lat' dir='ltr'>oarmibte,</span> <span class='ocrx_word' id='word_1_18' title='bbox 714 540 770 619; x_wconf 92' lang='lat' dir='ltr'>qui</span> <span class='ocrx_word' id='word_1_19' title='bbox 790 540 926 614; x_wconf 78' lang='lat' dir='ltr'>ederant,</span> <span class='ocrx_word' id='word_1_20' title='bbox 944 540 1103 614; x_wconf 75' lang='lat' dir='ltr'>fratribue</span> 
     </span>
     <span class='ocr_line' id='line_1_4' title="bbox 158 635 1105 716; baseline 0.001 -19"><span class='ocrx_word' id='word_1_21' title='bbox 158 638 201 698; x_wconf 80' lang='lat' dir='ltr'>nt</span> <span class='ocrx_word' id='word_1_22' title='bbox 220 658 292 698; x_wconf 89' lang='lat' dir='ltr'>cum</span> <span class='ocrx_word' id='word_1_23' title='bbox 312 658 423 716; x_wconf 86' lang='lat' dir='ltr'>parum</span> <span class='ocrx_word' id='word_1_24' title='bbox 443 639 662 714; x_wconf 66' lang='lat' dir='ltr'>consedissent,</span> <span class='ocrx_word' id='word_1_25' title='bbox 686 659 722 699; x_wconf 89' lang='lat' dir='ltr'>ao</span> <span class='ocrx_word' id='word_1_26' title='bbox 739 638 778 699; x_wconf 92' lang='lat' dir='ltr'>de</span> <span class='ocrx_word' id='word_1_27' title='bbox 798 638 942 715; x_wconf 90' lang='lat' dir='ltr'>supernis</span> <span class='ocrx_word' id='word_1_28' title='bbox 962 635 1105 698; x_wconf 87' lang='lat' dir='ltr'>iudiciis¹</span> 
     </span>
     <span class='ocr_line' id='line_1_5' title="bbox 157 735 1106 815; baseline -0.001 -19"><span class='ocrx_word' id='word_1_29' title='bbox 157 736 269 815; x_wconf 77' lang='lat' dir='ltr'>trepidi</span> <span class='ocrx_word' id='word_1_30' title='bbox 291 736 396 814; x_wconf 75' lang='lat' dir='ltr'>eliqua</span> <span class='ocrx_word' id='word_1_31' title='bbox 417 738 608 798; x_wconf 82' lang='lat' dir='ltr'>confabulari</span> <span class='ocrx_word' id='word_1_32' title='bbox 635 738 816 815; x_wconf 88' lang='lat' dir='ltr'>coepissent,</span> <span class='ocrx_word' id='word_1_33' title='bbox 847 736 939 797; x_wconf 86' lang='lat' dir='ltr'>iussit</span> <span class='ocrx_word' id='word_1_34' title='bbox 965 735 1106 813; x_wconf 74' lang='lat' dir='ltr'>pontifex</span> 
     </span>
     <span class='ocr_line' id='line_1_6' title="bbox 156 834 1107 915; baseline 0 -20"><span class='ocrx_word' id='word_1_35' title='bbox 156 838 274 895; x_wconf 82' lang='lat' dir='ltr'>ceteros</span> <span class='ocrx_word' id='word_1_36' title='bbox 287 835 325 895; x_wconf 81' lang='lat' dir='ltr'>ad</span> <span class='ocrx_word' id='word_1_37' title='bbox 345 835 455 897; x_wconf 86' lang='lat' dir='ltr'>horam</span> <span class='ocrx_word' id='word_1_38' title='bbox 474 834 586 915; x_wconf 86' lang='lat' dir='ltr'>egredi,</span> <span class='ocrx_word' id='word_1_39' title='bbox 604 839 636 896; x_wconf 91' lang='lat' dir='ltr'>et</span> <span class='ocrx_word' id='word_1_40' title='bbox 655 836 694 897; x_wconf 86' lang='lat' dir='ltr'>od</span> <span class='ocrx_word' id='word_1_41' title='bbox 714 835 820 896; x_wconf 79' lang='lat' dir='ltr'>Areon</span> <span class='ocrx_word' id='word_1_42' title='bbox 834 836 1041 911; x_wconf 73' lang='lat' dir='ltr'>presbyterum</span> <span class='ocrx_word' id='word_1_43' title='bbox 1062 834 1107 895; x_wconf 87' lang='lat' dir='ltr'>ite</span> 
     </span>
     <span class='ocr_line' id='line_1_7' title="bbox 156 933 463 1010; baseline 0.007 -18"><span class='ocrx_word' id='word_1_44' title='bbox 156 933 243 1010; x_wconf 91' lang='lat' dir='ltr'>loqui</span> <span class='ocrx_word' id='word_1_45' title='bbox 256 952 384 994; x_wconf 85' lang='lat' dir='ltr'>exorsus</span> <span class='ocrx_word' id='word_1_46' title='bbox 397 937 463 995; x_wconf 87' lang='lat' dir='ltr'>est:</span> 
     </span>
    </p>

    <p class='ocr_par' dir='ltr' id='par_1_3' title="bbox 152 1032 1107 2293">
     <span class='ocr_line' id='line_1_8' title="bbox 200 1032 1106 1110; baseline -0.001 -17"><span class='ocrx_word' id='word_1_47' title='bbox 200 1032 305 1093; x_wconf 69' lang='lat' dir='ltr'>‘uteo</span> <span class='ocrx_word' id='word_1_48' title='bbox 332 1032 414 1092; x_wconf 90' lang='lat' dir='ltr'>mihi</span> <span class='ocrx_word' id='word_1_49' title='bbox 444 1032 538 1093; x_wconf 90' lang='lat' dir='ltr'>modo</span> <span class='ocrx_word' id='word_1_50' title='bbox 568 1032 733 1093; x_wconf 90' lang='lat' dir='ltr'>tremenda</span> <span class='ocrx_word' id='word_1_51' title='bbox 766 1034 913 1109; x_wconf 74' lang='lat' dir='ltr'>appamit,</span> <span class='ocrx_word' id='word_1_52' title='bbox 943 1052 1039 1110; x_wconf 84' lang='lat' dir='ltr'>quam</span> <span class='ocrx_word' id='word_1_53' title='bbox 1073 1035 1106 1093; x_wconf 87' lang='lat' dir='ltr'>te</span> 
     </span>
     <span class='ocr_line' id='line_1_9' title="bbox 156 1130 1107 1209; baseline 0.002 -20"><span class='ocrx_word' id='word_1_54' title='bbox 156 1130 264 1191; x_wconf 78' lang='lat' dir='ltr'>audire</span> <span class='ocrx_word' id='word_1_55' title='bbox 277 1149 311 1190; x_wconf 85' lang='lat' dir='ltr'>so</span> <span class='ocrx_word' id='word_1_56' title='bbox 325 1130 451 1191; x_wconf 85' lang='lat' dir='ltr'>silentio</span> <span class='ocrx_word' id='word_1_57' title='bbox 464 1134 567 1209; x_wconf 87' lang='lat' dir='ltr'>tegere</span> <span class='ocrx_word' id='word_1_58' title='bbox 581 1130 663 1207; x_wconf 92' lang='lat' dir='ltr'>uolo,</span> <span class='ocrx_word' id='word_1_59' title='bbox 680 1130 778 1191; x_wconf 87' lang='lat' dir='ltr'>donec</span> <span class='ocrx_word' id='word_1_60' title='bbox 790 1131 896 1206; x_wconf 83' lang='lat' dir='ltr'>sciam,</span> <span class='ocrx_word' id='word_1_61' title='bbox 913 1131 988 1208; x_wconf 89' lang='lat' dir='ltr'>quid</span> <span class='ocrx_word' id='word_1_62' title='bbox 1002 1130 1042 1191; x_wconf 92' lang='lat' dir='ltr'>de</span> <span class='ocrx_word' id='word_1_63' title='bbox 1054 1151 1107 1191; x_wconf 93' lang='lat' dir='ltr'>me</span> 
     </span>
     <span class='ocr_line' id='line_1_10' title="bbox 156 1226 1107 1307; baseline 0.004 -21"><span class='ocrx_word' id='word_1_64' title='bbox 156 1226 224 1287; x_wconf 88' lang='lat' dir='ltr'>fieri</span> <span class='ocrx_word' id='word_1_65' title='bbox 239 1228 316 1289; x_wconf 85' lang='lat' dir='ltr'>uelit</span> <span class='ocrx_word' id='word_1_66' title='bbox 334 1231 427 1289; x_wconf 86' lang='lat' dir='ltr'>Deus</span> <span class='ocrx_word' id='word_1_67' title='bbox 471 1228 607 1290; x_wconf 72' lang='lat' dir='ltr'>Adstitit</span> <span class='ocrx_word' id='word_1_68' title='bbox 627 1230 712 1289; x_wconf 91' lang='lat' dir='ltr'>enim</span> <span class='ocrx_word' id='word_1_69' title='bbox 733 1229 813 1289; x_wconf 88' lang='lat' dir='ltr'>mihi</span> <span class='ocrx_word' id='word_1_70' title='bbox 834 1228 961 1307; x_wconf 86' lang='lat' dir='ltr'>quidem</span> <span class='ocrx_word' id='word_1_71' title='bbox 981 1231 1107 1290; x_wconf 75' lang='lat' dir='ltr'>candido</span> 
     </span>
     <span class='ocr_line' id='line_1_11' title="bbox 156 1326 1106 1403; baseline 0.002 -17"><span class='ocrx_word' id='word_1_72' title='bbox 156 1326 332 1403; x_wconf 84' lang='lat' dir='ltr'>praeclarus</span> <span class='ocrx_word' id='word_1_73' title='bbox 359 1326 477 1403; x_wconf 83' lang='lat' dir='ltr'>habitu,</span> <span class='ocrx_word' id='word_1_74' title='bbox 507 1328 615 1389; x_wconf 85' lang='lat' dir='ltr'>dicens</span> <span class='ocrx_word' id='word_1_75' title='bbox 642 1348 677 1389; x_wconf 93' lang='lat' dir='ltr'>se</span> <span class='ocrx_word' id='word_1_76' title='bbox 703 1331 902 1390; x_wconf 79' lang='lat' dir='ltr'>Michubetem</span> <span class='ocrx_word' id='word_1_77' title='bbox 929 1348 996 1389; x_wconf 90' lang='lat' dir='ltr'>esse</span> <span class='ocrx_word' id='word_1_78' title='bbox 1022 1329 1106 1388; x_wconf 82' lang='lat' dir='ltr'>erch-</span> 
     </span>
     <span class='ocr_line' id='line_1_12' title="bbox 155 1424 1105 1505; baseline 0.002 -20"><span class='ocrx_word' id='word_1_79' title='bbox 155 1424 323 1501; x_wconf 76' lang='lat' dir='ltr'>angelum:</span> <span class='ocrx_word' id='word_1_80' title='bbox 338 1428 400 1486; x_wconf 90' lang='lat' dir='ltr'>“et</span> <span class='ocrx_word' id='word_1_81' title='bbox 421 1426 461 1487; x_wconf 91' lang='lat' dir='ltr'>ob</span> <span class='ocrx_word' id='word_1_82' title='bbox 480 1426 569 1502; x_wconf 86' lang='lat' dir='ltr'>hoc,”</span> <span class='ocrx_word' id='word_1_83' title='bbox 587 1427 699 1505; x_wconf 90' lang='lat' dir='ltr'>inquit,</span> <span class='ocrx_word' id='word_1_84' title='bbox 727 1429 867 1489; x_wconf 75' lang='lat' dir='ltr'>“missus</span> <span class='ocrx_word' id='word_1_85' title='bbox 887 1446 967 1502; x_wconf 90' lang='lat' dir='ltr'>sum,</span> <span class='ocrx_word' id='word_1_86' title='bbox 984 1430 1020 1487; x_wconf 90' lang='lat' dir='ltr'>ut</span> <span class='ocrx_word' id='word_1_87' title='bbox 1041 1432 1067 1487; x_wconf 81' lang='lat' dir='ltr'>te</span> <span class='ocrx_word' id='word_1_88' title='bbox 1086 1446 1105 1487; x_wconf 88' lang='lat' dir='ltr'>a</span> 
     </span>
     <span class='ocr_line' id='line_1_13' title="bbox 154 1525 1105 1602; baseline 0.001 -19"><span class='ocrx_word' id='word_1_89' title='bbox 154 1526 256 1584; x_wconf 87' lang='lat' dir='ltr'>morte</span> <span class='ocrx_word' id='word_1_90' title='bbox 269 1544 434 1601; x_wconf 88' lang='lat' dir='ltr'>reuocem;</span> <span class='ocrx_word' id='word_1_91' title='bbox 453 1525 583 1586; x_wconf 82' lang='lat' dir='ltr'>donauit</span> <span class='ocrx_word' id='word_1_92' title='bbox 593 1526 680 1586; x_wconf 91' lang='lat' dir='ltr'>enim</span> <span class='ocrx_word' id='word_1_93' title='bbox 693 1526 754 1586; x_wconf 81' lang='lat' dir='ltr'>tabi</span> <span class='ocrx_word' id='word_1_94' title='bbox 767 1526 922 1586; x_wconf 90' lang='lat' dir='ltr'>Dominus</span> <span class='ocrx_word' id='word_1_95' title='bbox 935 1526 1034 1585; x_wconf 87' lang='lat' dir='ltr'>uitam</span> <span class='ocrx_word' id='word_1_96' title='bbox 1048 1545 1105 1602; x_wconf 91' lang='lat' dir='ltr'>per</span> 
     </span>
     <span class='ocr_line' id='line_1_14' title="bbox 154 1621 1100 1702; baseline 0.004 -21"><span class='ocrx_word' id='word_1_97' title='bbox 154 1621 308 1684; x_wconf 88' lang='lat' dir='ltr'>orationes</span> <span class='ocrx_word' id='word_1_98' title='bbox 321 1642 356 1683; x_wconf 86' lang='lat' dir='ltr'>ao</span> <span class='ocrx_word' id='word_1_99' title='bbox 370 1625 505 1684; x_wconf 67' lang='lat' dir='ltr'>nonnas</span> <span class='ocrx_word' id='word_1_100' title='bbox 523 1625 748 1702; x_wconf 88' lang='lat' dir='ltr'>discipulorum</span> <span class='ocrx_word' id='word_1_101' title='bbox 765 1643 802 1685; x_wconf 87' lang='lat' dir='ltr'>ac</span> <span class='ocrx_word' id='word_1_102' title='bbox 820 1624 954 1685; x_wconf 72' lang='lat' dir='ltr'>fretum</span> <span class='ocrx_word' id='word_1_103' title='bbox 976 1630 1100 1699; x_wconf 77' lang='lat' dir='ltr'>tuorum,</span> 
     </span>
     <span class='ocr_line' id='line_1_15' title="bbox 154 1722 1105 1799; baseline 0.006 -20"><span class='ocrx_word' id='word_1_104' title='bbox 154 1722 186 1779; x_wconf 88' lang='lat' dir='ltr'>et</span> <span class='ocrx_word' id='word_1_105' title='bbox 207 1740 262 1797; x_wconf 90' lang='lat' dir='ltr'>per</span> <span class='ocrx_word' id='word_1_106' title='bbox 282 1723 513 1783; x_wconf 69' lang='lat' dir='ltr'>intercessionem</span> <span class='ocrx_word' id='word_1_107' title='bbox 536 1722 643 1783; x_wconf 86' lang='lat' dir='ltr'>beatae</span> <span class='ocrx_word' id='word_1_108' title='bbox 665 1742 740 1784; x_wconf 84' lang='lat' dir='ltr'>suae</span> <span class='ocrx_word' id='word_1_109' title='bbox 760 1726 914 1799; x_wconf 60' lang='lat' dir='ltr'>ponerint</span> <span class='ocrx_word' id='word_1_110' title='bbox 939 1742 1105 1799; x_wconf 75' lang='lat' dir='ltr'>snnperqne</span> 
     </span>
     <span class='ocr_line' id='line_1_16' title="bbox 152 1819 1105 1900; baseline 0.002 -21"><span class='ocrx_word' id='word_1_111' title='bbox 152 1819 282 1894; x_wconf 79' lang='lat' dir='ltr'>ninyinie</span> <span class='ocrx_word' id='word_1_112' title='bbox 307 1821 436 1881; x_wconf 68' lang='lat' dir='ltr'>Mance.</span> <span class='ocrx_word' id='word_1_113' title='bbox 490 1821 682 1900; x_wconf 77' lang='lat' dir='ltr'>Quapropter</span> <span class='ocrx_word' id='word_1_114' title='bbox 709 1822 778 1882; x_wconf 90' lang='lat' dir='ltr'>dico</span> <span class='ocrx_word' id='word_1_115' title='bbox 810 1821 877 1897; x_wconf 87' lang='lat' dir='ltr'>tibi,</span> <span class='ocrx_word' id='word_1_116' title='bbox 908 1822 981 1899; x_wconf 88' lang='lat' dir='ltr'>quia</span> <span class='ocrx_word' id='word_1_117' title='bbox 1010 1823 1105 1882; x_wconf 91' lang='lat' dir='ltr'>modo</span> 
     </span>
     <span class='ocr_line' id='line_1_17' title="bbox 153 1916 1100 1995; baseline 0.005 -19"><span class='ocrx_word' id='word_1_118' title='bbox 153 1916 281 1994; x_wconf 91' lang='lat' dir='ltr'>quidem</span> <span class='ocrx_word' id='word_1_119' title='bbox 295 1917 334 1977; x_wconf 90' lang='lat' dir='ltr'>ab</span> <span class='ocrx_word' id='word_1_120' title='bbox 350 1918 533 1980; x_wconf 78' lang='lat' dir='ltr'>infirmitate</span> <span class='ocrx_word' id='word_1_121' title='bbox 553 1920 611 1980; x_wconf 88' lang='lat' dir='ltr'>hac</span> <span class='ocrx_word' id='word_1_122' title='bbox 624 1922 796 1993; x_wconf 48' lang='lat' dir='ltr'>cumbet&amp;</span> <span class='ocrx_word' id='word_1_123' title='bbox 818 1920 872 1980; x_wconf 90' lang='lat' dir='ltr'>sed</span> <span class='ocrx_word' id='word_1_124' title='bbox 887 1925 1016 1995; x_wconf 82' lang='lat' dir='ltr'>perotus</span> <span class='ocrx_word' id='word_1_125' title='bbox 1035 1925 1100 1995; x_wconf 78' lang='lat' dir='ltr'>esto,</span> 
     </span>
     <span class='ocr_line' id='line_1_18' title="bbox 152 2016 1104 2094; baseline 0.004 -18"><span class='ocrx_word' id='word_1_126' title='bbox 152 2016 224 2091; x_wconf 78' lang='lat' dir='ltr'>quia</span> <span class='ocrx_word' id='word_1_127' title='bbox 238 2022 307 2091; x_wconf 81' lang='lat' dir='ltr'>poet</span> <span class='ocrx_word' id='word_1_128' title='bbox 326 2017 566 2094; x_wconf 76' lang='lat' dir='ltr'>quadriennium</span> <span class='ocrx_word' id='word_1_129' title='bbox 586 2022 748 2080; x_wconf 78' lang='lat' dir='ltr'>reuertens</span> <span class='ocrx_word' id='word_1_130' title='bbox 767 2019 893 2080; x_wconf 78' lang='lat' dir='ltr'>nieitabo</span> <span class='ocrx_word' id='word_1_131' title='bbox 908 2024 955 2091; x_wconf 78' lang='lat' dir='ltr'>te‚·</span> <span class='ocrx_word' id='word_1_132' title='bbox 970 2022 1104 2093; x_wconf 71' lang='lat' dir='ltr'>pan-tam</span> 
     </span>
     <span class='ocr_line' id='line_1_19' title="bbox 153 2116 1103 2195; baseline 0.004 -22"><span class='ocrx_word' id='word_1_133' title='bbox 153 2132 227 2174; x_wconf 91' lang='lat' dir='ltr'>uero</span> <span class='ocrx_word' id='word_1_134' title='bbox 240 2117 425 2191; x_wconf 63' lang='lat' dir='ltr'>perveniens,</span> <span class='ocrx_word' id='word_1_135' title='bbox 442 2116 612 2177; x_wconf 78' lang='lat' dir='ltr'>maximnm</span> <span class='ocrx_word' id='word_1_136' title='bbox 631 2117 861 2195; x_wconf 88' lang='lat' dir='ltr'>possessionum</span> <span class='ocrx_word' id='word_1_137' title='bbox 881 2122 1007 2191; x_wconf 69' lang='lat' dir='ltr'>tuamen,</span> <span class='ocrx_word' id='word_1_138' title='bbox 1025 2137 1103 2195; x_wconf 91' lang='lat' dir='ltr'>quae</span> 
     </span>
     <span class='ocr_line' id='line_1_20' title="bbox 152 2208 1104 2293; baseline 0.005 -21"><span class='ocrx_word' id='word_1_139' title='bbox 152 2212 211 2272; x_wconf 90' lang='lat' dir='ltr'>tibi</span> <span class='ocrx_word' id='word_1_140' title='bbox 238 2214 359 2275; x_wconf 85' lang='lat' dir='ltr'>ablatae</span> <span class='ocrx_word' id='word_1_141' title='bbox 381 2218 464 2291; x_wconf 87' lang='lat' dir='ltr'>sunt,</span> <span class='ocrx_word' id='word_1_142' title='bbox 489 2208 663 2293; x_wconf 87' lang='lat' dir='ltr'>portionem</span> <span class='ocrx_word' id='word_1_143' title='bbox 691 2216 827 2293; x_wconf 84' lang='lat' dir='ltr'>recipies,</span> <span class='ocrx_word' id='word_1_144' title='bbox 856 2218 951 2293; x_wconf 87' lang='lat' dir='ltr'>atque</span> <span class='ocrx_word' id='word_1_145' title='bbox 978 2219 1011 2277; x_wconf 84' lang='lat' dir='ltr'>in</span> <span class='ocrx_word' id='word_1_146' title='bbox 1029 2236 1104 2292; x_wconf 78' lang='lat' dir='ltr'>pace</span> 
     </span>
    </p>

    <p class='ocr_par' dir='ltr' id='par_1_4' title="bbox 25 2312 1103 2582">
     <span class='ocr_line' id='line_1_21' title="bbox 25 2312 1103 2393; baseline 0.009 -28"><span class='ocrx_word' id='word_1_147' title='bbox 25 2332 39 2363; x_wconf 72' lang='grc' dir='ltr'>ι.</span> <span class='ocrx_word' id='word_1_148' title='bbox 51 2334 71 2365; x_wconf 77' lang='lat' dir='ltr'>c</span> <span class='ocrx_word' id='word_1_149' title='bbox 84 2336 113 2375; x_wconf 76' lang='lat' dir='ltr'>s·</span> <span class='ocrx_word' id='word_1_150' title='bbox 152 2312 323 2389; x_wconf 88' lang='lat' dir='ltr'>tranquilla</span> <span class='ocrx_word' id='word_1_151' title='bbox 343 2315 438 2373; x_wconf 78' lang='lat' dir='ltr'>nitent</span> <span class='ocrx_word' id='word_1_152' title='bbox 460 2314 644 2375; x_wconf 76' lang='lat' dir='ltr'>terminabis</span> <span class='ocrx_word' id='word_1_153' title='bbox 654 2315 693 2375; x_wconf 91' lang='lat'>’&#39;.’</span> <span class='ocrx_word' id='word_1_154' title='bbox 735 2314 896 2376; x_wconf 73' lang='lat' dir='ltr'>concaluit</span> <span class='ocrx_word' id='word_1_155' title='bbox 919 2314 1017 2392; x_wconf 86' lang='lat' dir='ltr'>igitur</span> <span class='ocrx_word' id='word_1_156' title='bbox 1040 2316 1103 2393; x_wconf 90' lang='lat' dir='ltr'>epi-</span> 
     </span>
     <span class='ocr_line' id='line_1_22' title="bbox 151 2412 1100 2491; baseline 0.004 -21"><span class='ocrx_word' id='word_1_157' title='bbox 151 2428 273 2487; x_wconf 91' lang='lat' dir='ltr'>scopus,</span> <span class='ocrx_word' id='word_1_158' title='bbox 293 2412 414 2473; x_wconf 84' lang='lat' dir='ltr'>cunetis</span> <span class='ocrx_word' id='word_1_159' title='bbox 430 2414 630 2489; x_wconf 66' lang='lat' dir='ltr'>pandentibus,</span> <span class='ocrx_word' id='word_1_160' title='bbox 651 2434 686 2475; x_wconf 84' lang='lat' dir='ltr'>ee</span> <span class='ocrx_word' id='word_1_161' title='bbox 707 2414 774 2473; x_wconf 90' lang='lat' dir='ltr'>Deo</span> <span class='ocrx_word' id='word_1_162' title='bbox 793 2412 908 2490; x_wconf 73' lang='lat' dir='ltr'>gratius</span> <span class='ocrx_word' id='word_1_163' title='bbox 927 2414 1100 2491; x_wconf 79' lang='lat' dir='ltr'>agentibus,</span> 
     </span>
     <span class='ocr_line' id='line_1_23' title="bbox 151 2506 761 2582; baseline 0.007 -18"><span class='ocrx_word' id='word_1_164' title='bbox 151 2509 308 2582; x_wconf 81' lang='lat' dir='ltr'>coeptoque</span> <span class='ocrx_word' id='word_1_165' title='bbox 322 2508 427 2567; x_wconf 78' lang='lat' dir='ltr'>itinere</span> <span class='ocrx_word' id='word_1_166' title='bbox 441 2507 649 2568; x_wconf 80' lang='lat' dir='ltr'>Brittaniem²</span> <span class='ocrx_word' id='word_1_167' title='bbox 663 2506 761 2569; x_wconf 85' lang='lat' dir='ltr'>uenit.</span> 
     </span>
    </p>

    <p class='ocr_par' dir='ltr' id='par_1_5' title="bbox 151 2602 1273 2785">
     <span class='ocr_line' id='line_1_24' title="bbox 193 2602 1273 2684; baseline 0.003 -22"><span class='ocrx_word' id='word_1_168' title='bbox 193 2602 297 2663; x_wconf 82' lang='lat' dir='ltr'>Lectis</span> <span class='ocrx_word' id='word_1_169' title='bbox 312 2606 419 2664; x_wconf 84' lang='lat' dir='ltr'>autem</span> <span class='ocrx_word' id='word_1_170' title='bbox 440 2605 589 2682; x_wconf 72' lang='lat' dir='ltr'>epistulis</span> <span class='ocrx_word' id='word_1_171' title='bbox 608 2624 685 2684; x_wconf 84' lang='lat' dir='ltr'>ques</span> <span class='ocrx_word' id='word_1_172' title='bbox 702 2604 742 2667; x_wconf 86' lang='lat' dir='ltr'>ab</span> <span class='ocrx_word' id='word_1_173' title='bbox 761 2604 931 2683; x_wconf 86' lang='lat' dir='ltr'>apostolico</span> <span class='ocrx_word' id='word_1_174' title='bbox 951 2625 1031 2683; x_wconf 85' lang='lat' dir='ltr'>pepe</span> <span class='ocrx_word' id='word_1_175' title='bbox 1051 2606 1102 2668; x_wconf 80' lang='lat' dir='ltr'>ed·</span> <span class='ocrx_word' id='word_1_176' title='bbox 1120 2622 1273 2667; x_wconf 63' lang='lat' dir='ltr'>saturnana</span> 
     </span>
     <span class='ocr_line' id='line_1_25' title="bbox 151 2684 1225 2785; baseline 0.005 -24"><span class='ocrx_word' id='word_1_177' title='bbox 151 2704 286 2772; x_wconf 87' lang='lat' dir='ltr'>uexerat,</span> <span class='ocrx_word' id='word_1_178' title='bbox 297 2702 475 2763; x_wconf 78' lang='lat' dir='ltr'>Berotnotd³</span> <span class='ocrx_word' id='word_1_179' title='bbox 486 2706 724 2781; x_wconf 71' lang='lat' dir='ltr'>archiepneeopns,</span> <span class='ocrx_word' id='word_1_180' title='bbox 737 2707 769 2764; x_wconf 92' lang='lat' dir='ltr'>et</span> <span class='ocrx_word' id='word_1_181' title='bbox 778 2703 936 2765; x_wconf 49' lang='lat' dir='ltr'>Actum&amp;</span> <span class='ocrx_word' id='word_1_182' title='bbox 945 2704 1103 2782; x_wconf 81' lang='lat' dir='ltr'>quondam</span> <span class='ocrx_word' id='word_1_183' title='bbox 1120 2684 1225 2785; x_wconf 52' lang='lat' dir='ltr'>ffl‘*</span> 
     </span>
    </p>

    <p class='ocr_par' dir='ltr' id='par_1_6' title="bbox 35 2799 1104 2975">
     <span class='ocr_line' id='line_1_26' title="bbox 35 2799 1103 2881; baseline 0.001 -20"><span class='ocrx_word' id='word_1_184' title='bbox 35 2820 103 2875; x_wconf 68' lang='lat' dir='ltr'>nyn</span> <span class='ocrx_word' id='word_1_185' title='bbox 151 2818 211 2871; x_wconf 82' lang='lat' dir='ltr'>rex,</span> <span class='ocrx_word' id='word_1_186' title='bbox 238 2801 312 2859; x_wconf 79' lang='lat' dir='ltr'>banc</span> <span class='ocrx_word' id='word_1_187' title='bbox 337 2803 443 2861; x_wconf 85' lang='lat' dir='ltr'>autem</span> <span class='ocrx_word' id='word_1_188' title='bbox 464 2802 568 2878; x_wconf 78' lang='lat' dir='ltr'>abbas,</span> <span class='ocrx_word' id='word_1_189' title='bbox 594 2801 805 2863; x_wconf 86' lang='lat' dir='ltr'>libentissime</span> <span class='ocrx_word' id='word_1_190' title='bbox 832 2799 1022 2881; x_wconf 74' lang='lat' dir='ltr'>iuuerunt;l</span> <span class='ocrx_word' id='word_1_191' title='bbox 1048 2802 1103 2881; x_wconf 90' lang='lat' dir='ltr'>qui</span> 
     </span>
     <span class='ocr_line' id='line_1_27' title="bbox 151 2896 1104 2975; baseline 0.005 -19"><span class='ocrx_word' id='word_1_192' title='bbox 151 2896 298 2957; x_wconf 87' lang='lat' dir='ltr'>uidelicet</span> <span class='ocrx_word' id='word_1_193' title='bbox 319 2898 489 2959; x_wconf 79' lang='lat' dir='ltr'>Aedilred⁶</span> <span class='ocrx_word' id='word_1_194' title='bbox 511 2899 644 2961; x_wconf 81' lang='lat' dir='ltr'>accitum</span> <span class='ocrx_word' id='word_1_195' title='bbox 667 2900 706 2960; x_wconf 84' lang='lat' dir='ltr'>ed</span> <span class='ocrx_word' id='word_1_196' title='bbox 730 2919 764 2960; x_wconf 91' lang='lat' dir='ltr'>se</span> <span class='ocrx_word' id='word_1_197' title='bbox 786 2900 994 2974; x_wconf 80' lang='lat' dir='ltr'>Coinredum‘,</span> <span class='ocrx_word' id='word_1_198' title='bbox 1018 2919 1104 2975; x_wconf 76' lang='lat' dir='ltr'>quern</span> 
     </span>
    </p>

    <p class='ocr_par' dir='ltr' id='par_1_7' title="bbox 151 2996 1103 3076">
     <span class='ocr_line' id='line_1_28' title="bbox 151 2996 1103 3076; baseline 0.006 -21"><span class='ocrx_word' id='word_1_199' title='bbox 151 3014 207 3071; x_wconf 89' lang='lat' dir='ltr'>pro</span> <span class='ocrx_word' id='word_1_200' title='bbox 227 3012 259 3057; x_wconf 81' lang='lat' dir='ltr'>se</span> <span class='ocrx_word' id='word_1_201' title='bbox 278 3014 373 3072; x_wconf 77' lang='lat' dir='ltr'>repom</span> <span class='ocrx_word' id='word_1_202' title='bbox 392 2997 513 3071; x_wconf 71' lang='lat' dir='ltr'>fecerat,</span> <span class='ocrx_word' id='word_1_203' title='bbox 537 2997 674 3058; x_wconf 82' lang='lat' dir='ltr'>amicum</span> <span class='ocrx_word' id='word_1_204' title='bbox 695 2998 839 3075; x_wconf 88' lang='lat' dir='ltr'>episcopo</span> <span class='ocrx_word' id='word_1_205' title='bbox 859 2996 928 3057; x_wconf 88' lang='lat' dir='ltr'>fieri</span> <span class='ocrx_word' id='word_1_206' title='bbox 947 2998 1047 3076; x_wconf 77' lang='lat' dir='ltr'>petiit,</span> <span class='ocrx_word' id='word_1_207' title='bbox 1071 3002 1103 3061; x_wconf 88' lang='lat' dir='ltr'>et</span> 
     </span>
    </p>

    <p class='ocr_par' dir='ltr' id='par_1_8' title="bbox 25 3094 1102 3271">
     <span class='ocr_line' id='line_1_29' title="bbox 25 3094 1102 3173; baseline 0.009 -24.188"><span class='ocrx_word' id='word_1_208' title='bbox 25 3117 85 3149; x_wconf 67' lang='lat' dir='ltr'>ee,</span> <span class='ocrx_word' id='word_1_209' title='bbox 99 3106 131 3159; x_wconf 70' lang='lat' dir='ltr'>st,</span> <span class='ocrx_word' id='word_1_210' title='bbox 151 3094 328 3170; x_wconf 80' lang='lat' dir='ltr'>inpetrauit</span> <span class='ocrx_word' id='word_1_211' title='bbox 373 3094 433 3156; x_wconf 85' lang='lat' dir='ltr'>Sed</span> <span class='ocrx_word' id='word_1_212' title='bbox 447 3095 576 3171; x_wconf 77' lang='lat' dir='ltr'>Atdsnd</span> <span class='ocrx_word' id='word_1_213' title='bbox 597 3096 932 3173; x_wconf 82' lang='lat' dir='ltr'>Nordunhymbrorum</span> <span class='ocrx_word' id='word_1_214' title='bbox 953 3115 1008 3155; x_wconf 87' lang='lat' dir='ltr'>rex</span> <span class='ocrx_word' id='word_1_215' title='bbox 1028 3116 1102 3158; x_wconf 90' lang='lat' dir='ltr'>eum</span> 
     </span>
     <span class='ocr_line' id='line_1_30' title="bbox 149 3190 1102 3271; baseline 0.006 -22"><span class='ocrx_word' id='word_1_216' title='bbox 149 3190 305 3267; x_wconf 76' lang='lat' dir='ltr'>suscipere</span> <span class='ocrx_word' id='word_1_217' title='bbox 319 3192 493 3269; x_wconf 86' lang='lat' dir='ltr'>contemsit,</span> <span class='ocrx_word' id='word_1_218' title='bbox 506 3194 665 3271; x_wconf 88' lang='lat' dir='ltr'>neolongo</span> <span class='ocrx_word' id='word_1_219' title='bbox 675 3195 817 3269; x_wconf 86' lang='lat' dir='ltr'>tempore</span> <span class='ocrx_word' id='word_1_220' title='bbox 826 3192 1003 3270; x_wconf 79' lang='lat' dir='ltr'>superfuit3</span> <span class='ocrx_word' id='word_1_221' title='bbox 1018 3194 1102 3255; x_wconf 91' lang='lat' dir='ltr'>unde</span> 
     </span>
    </p>

    <p class='ocr_par' dir='ltr' id='par_1_9' title="bbox 25 3287 1102 3663">
     <span class='ocr_line' id='line_1_31' title="bbox 25 3287 1102 3369; baseline 0.003 -22.048"><span class='ocrx_word' id='word_1_222' title='bbox 25 3298 132 3342; x_wconf 65' lang='lat' dir='ltr'>esee-</span> <span class='ocrx_word' id='word_1_223' title='bbox 149 3287 269 3349; x_wconf 82' lang='lat' dir='ltr'>lectum</span> <span class='ocrx_word' id='word_1_224' title='bbox 287 3292 341 3365; x_wconf 76' lang='lat' dir='ltr'>est,</span> <span class='ocrx_word' id='word_1_225' title='bbox 356 3292 399 3365; x_wconf 90' lang='lat' dir='ltr'>ut,</span> <span class='ocrx_word' id='word_1_226' title='bbox 417 3294 566 3369; x_wconf 79' lang='lat' dir='ltr'>regnante</span> <span class='ocrx_word' id='word_1_227' title='bbox 582 3292 709 3354; x_wconf 81' lang='lat' dir='ltr'>Oeredo⁷</span> <span class='ocrx_word' id='word_1_228' title='bbox 726 3290 833 3351; x_wconf 91' lang='lat' dir='ltr'>filio</span> <span class='ocrx_word' id='word_1_229' title='bbox 806 3310 882 3366; x_wconf 76' lang='lat' dir='ltr'>etus,</span> <span class='ocrx_word' id='word_1_230' title='bbox 900 3309 973 3350; x_wconf 90' lang='lat' dir='ltr'>mox</span> <span class='ocrx_word' id='word_1_231' title='bbox 989 3293 1102 3367; x_wconf 65' lang='lat' dir='ltr'>synodo</span> 
     </span>
     <span class='ocr_line' id='line_1_32' title="bbox 25 3386 1102 3467; baseline 0.005 -22"><span class='ocrx_word' id='word_1_232' title='bbox 25 3388 31 3401; x_wconf 89' lang='lat'>&#39;</span> <span class='ocrx_word' id='word_1_233' title='bbox 149 3386 231 3449; x_wconf 80' lang='lat' dir='ltr'>fecta</span> <span class='ocrx_word' id='word_1_234' title='bbox 256 3390 489 3463; x_wconf 69' lang='lat' dir='ltr'>toennensem</span> <span class='ocrx_word' id='word_1_235' title='bbox 511 3390 605 3465; x_wconf 81' lang='lat' dir='ltr'>Nidd,</span> <span class='ocrx_word' id='word_1_236' title='bbox 628 3390 700 3467; x_wconf 89' lang='lat' dir='ltr'>post</span> <span class='ocrx_word' id='word_1_237' title='bbox 723 3387 919 3466; x_wconf 82' lang='lat' dir='ltr'>aliquantum</span> <span class='ocrx_word' id='word_1_238' title='bbox 940 3389 1102 3466; x_wconf 86' lang='lat' dir='ltr'>utriusque</span> 
     </span>
     <span class='ocr_line' id='line_1_33' title="bbox 148 3485 1100 3564; baseline 0.002 -18"><span class='ocrx_word' id='word_1_239' title='bbox 148 3485 247 3563; x_wconf 89' lang='lat' dir='ltr'>partis</span> <span class='ocrx_word' id='word_1_240' title='bbox 266 3486 456 3563; x_wconf 86' lang='lat' dir='ltr'>conflictum,</span> <span class='ocrx_word' id='word_1_241' title='bbox 473 3487 602 3547; x_wconf 73' lang='lat' dir='ltr'>tandem</span> <span class='ocrx_word' id='word_1_242' title='bbox 623 3486 743 3547; x_wconf 88' lang='lat' dir='ltr'>eunctis</span> <span class='ocrx_word' id='word_1_243' title='bbox 763 3486 943 3547; x_wconf 86' lang='lat' dir='ltr'>fauentibus</span> <span class='ocrx_word' id='word_1_244' title='bbox 962 3486 998 3546; x_wconf 91' lang='lat' dir='ltr'>in</span> <span class='ocrx_word' id='word_1_245' title='bbox 1015 3506 1100 3564; x_wconf 86' lang='lat' dir='ltr'>prae·</span> 
     </span>
     <span class='ocr_line' id='line_1_34' title="bbox 148 3583 1096 3663; baseline 0.002 -20"><span class='ocrx_word' id='word_1_246' title='bbox 148 3583 287 3644; x_wconf 80' lang='lat' dir='ltr'>sulatum</span> <span class='ocrx_word' id='word_1_247' title='bbox 301 3584 344 3645; x_wconf 90' lang='lat' dir='ltr'>sit</span> <span class='ocrx_word' id='word_1_248' title='bbox 356 3604 430 3646; x_wconf 82' lang='lat' dir='ltr'>suae</span> <span class='ocrx_word' id='word_1_249' title='bbox 443 3588 585 3663; x_wconf 88' lang='lat' dir='ltr'>receptus</span> <span class='ocrx_word' id='word_1_250' title='bbox 600 3584 753 3646; x_wconf 85' lang='lat' dir='ltr'>ecclesiae.</span> <span class='ocrx_word' id='word_1_251' title='bbox 788 3584 902 3663; x_wconf 74' lang='lat' dir='ltr'>Sitque</span> <span class='ocrx_word' id='word_1_252' title='bbox 913 3584 987 3645; x_wconf 94' lang='lat' dir='ltr'>IIII</span> <span class='ocrx_word' id='word_1_253' title='bbox 997 3585 1096 3662; x_wconf 88' lang='lat' dir='ltr'>annis,</span> 
     </span>
    </p>
   </div>
   <div class='ocr_carea' id='block_1_3' title="bbox 144 3772 1100 3994">
    <p class='ocr_par' dir='ltr' id='par_1_10' title="bbox 144 3772 1100 3994">
     <span class='ocr_line' id='line_1_35' title="bbox 178 3772 1100 3841; baseline 0.023 -37"><span class='ocrx_word' id='word_1_254' title='bbox 178 3772 188 3803; x_wconf 83' lang='grc' dir='ltr'><strong>ι</strong></span> <span class='ocrx_word' id='word_1_255' title='bbox 205 3774 255 3823; x_wconf 59' lang='grc' dir='ltr'>,οὴ</span> <span class='ocrx_word' id='word_1_256' title='bbox 266 3772 312 3825; x_wconf 46' lang='lat' dir='ltr'>ur·</span> <span class='ocrx_word' id='word_1_257' title='bbox 378 3772 388 3801; x_wconf 84' lang='lat'><strong>¹</strong></span> <span class='ocrx_word' id='word_1_258' title='bbox 403 3776 513 3825; x_wconf 61' lang='lat' dir='ltr'>41an</span> <span class='ocrx_word' id='word_1_259' title='bbox 525 3775 558 3827; x_wconf 80' lang='lat' dir='ltr'>N,</span> <span class='ocrx_word' id='word_1_260' title='bbox 625 3776 635 3807; x_wconf 82' lang='lat'>⁸</span> <span class='ocrx_word' id='word_1_261' title='bbox 651 3775 829 3825; x_wconf 73' lang='lat' dir='ltr'>berohtuuuld</span> <span class='ocrx_word' id='word_1_262' title='bbox 840 3776 869 3827; x_wconf 80' lang='lat' dir='ltr'>C.</span> <span class='ocrx_word' id='word_1_263' title='bbox 942 3772 952 3803; x_wconf 70' lang='lat'><strong>⁴</strong></span> <span class='ocrx_word' id='word_1_264' title='bbox 968 3775 1048 3824; x_wconf 61' lang='lat' dir='ltr'>aedil·</span> <span class='ocrx_word' id='word_1_265' title='bbox 1060 3776 1080 3826; x_wconf 80' lang='lat'>0</span> <span class='ocrx_word' id='word_1_266' title='bbox 1092 3793 1100 3841; x_wconf 76' lang='lat'>3</span> 
     </span>
     <span class='ocr_line' id='line_1_36' title="bbox 145 3854 1094 3923; baseline -0.026 1"><span class='ocrx_word' id='word_1_267' title='bbox 145 3854 210 3923; x_wconf 52' lang='grc' dir='ltr'>ἕω·</span> <span class='ocrx_word' id='word_1_268' title='bbox 223 3855 258 3907; x_wconf 71' lang='lat' dir='ltr'>N·</span> <span class='ocrx_word' id='word_1_269' title='bbox 345 3854 355 3885; x_wconf 78' lang='lat'>⁵</span> <span class='ocrx_word' id='word_1_270' title='bbox 370 3856 435 3923; x_wconf 58' lang='lat' dir='ltr'>edil·</span> <span class='ocrx_word' id='word_1_271' title='bbox 447 3856 480 3909; x_wconf 75' lang='lat' dir='ltr'>N·</span> <span class='ocrx_word' id='word_1_272' title='bbox 570 3854 580 3885; x_wconf 77' lang='lat'><em>⁶</em></span> <span class='ocrx_word' id='word_1_273' title='bbox 596 3872 674 3908; x_wconf 79' lang='lat' dir='ltr'>eosn-</span> <span class='ocrx_word' id='word_1_274' title='bbox 686 3858 715 3910; x_wconf 85' lang='lat'>0.</span> <span class='ocrx_word' id='word_1_275' title='bbox 727 3858 751 3907; x_wconf 91' lang='lat' dir='ltr'><strong>B</strong></span> <span class='ocrx_word' id='word_1_276' title='bbox 762 3872 770 3919; x_wconf 65' lang='grc' dir='ltr'><strong><em>ς</em></strong></span> <span class='ocrx_word' id='word_1_277' title='bbox 786 3858 878 3907; x_wconf 86' lang='lat' dir='ltr'>conin-</span> <span class='ocrx_word' id='word_1_278' title='bbox 890 3856 923 3909; x_wconf 75' lang='lat' dir='ltr'>N.</span> <span class='ocrx_word' id='word_1_279' title='bbox 1013 3856 1023 3888; x_wconf 68' lang='grc' dir='ltr'>ἵ</span> <span class='ocrx_word' id='word_1_280' title='bbox 1040 3857 1094 3922; x_wconf 58' lang='grc' dir='ltr'>-ᾱο,</span> 
     </span>
     <span class='ocr_line' id='line_1_37' title="bbox 144 3933 473 3994; baseline 0.009 -13"><span class='ocrx_word' id='word_1_281' title='bbox 144 3936 230 3983; x_wconf 77' lang='lat' dir='ltr'>altered</span> <span class='ocrx_word' id='word_1_282' title='bbox 241 3938 261 3981; x_wconf 86' lang='lat' dir='ltr'>to</span> <span class='ocrx_word' id='word_1_283' title='bbox 273 3933 319 3983; x_wconf 91' lang='lat' dir='ltr'>-do</span> <span class='ocrx_word' id='word_1_284' title='bbox 331 3934 368 3994; x_wconf 83' lang='lat' dir='ltr'>O;</span> <span class='ocrx_word' id='word_1_285' title='bbox 386 3933 424 3982; x_wconf 89' lang='lat' dir='ltr'>-di</span> <span class='ocrx_word' id='word_1_286' title='bbox 438 3934 473 3984; x_wconf 78' lang='lat' dir='ltr'>u.</span> 
     </span>
    </p>
   </div>
   <div class='ocr_carea' id='block_1_4' title="bbox 0 0 1434 4334">
    <p class='ocr_par' dir='ltr' id='par_1_11' title="bbox 0 0 1434 4334">
     <span class='ocr_line' id='line_1_38' title="bbox 0 0 1434 4334; baseline 0 3"><span class='ocrx_word' id='word_1_287' title='bbox 0 0 1434 4334; x_wconf 95' lang='lat' dir='ltr'> </span> 
     </span>
    </p>
   </div>
  </div>
 </body>
</html>
