2859 4334
133 267 191 315 cir.
204 261 274 326 xx.]
433 247 548 316 Gauiis
570 248 779 334 Aoylmum.
1022 252 1082 316 125

131 427 281 504 regnante
290 423 451 499 Osualdo¹,
469 428 577 484 contra
588 423 683 484 fidem
694 423 773 484 iuris
787 423 914 485 iurandi
923 427 1084 502 peremtus

130 527 185 586 aaa

172 623 242 698 Quo
262 626 403 699 tempore
423 621 561 682 maxima
584 624 632 682 est
653 621 736 682 facia
756 625 876 700 strages
900 623 933 682 in
956 621 1084 683 ecclesia
1100 635 1216 706 unvam-

130 722 181 783 uel
204 725 299 800 gente
320 720 661 798 Nordanhymbrorum,
680 721 817 782 maxime
837 723 920 799 quod
941 741 1025 782 unus
1045 741 1083 780 ex
1100 695 1236 798 ἓᾞᾏζξῃ,

130 821 269 896 ducibus,
281 839 300 879 a
314 818 427 896 quibus
441 821 508 878 acia
522 820 577 893 esi,
590 838 739 896 paganus,
750 820 838 896 altor,
851 821 923 898 quia
936 821 1084 880 barbarus
1100 813 1161 859 arra

130 921 195 980 erat
224 937 345 995 pagano
372 916 500 978 saeuior.
560 917 723 995 Siquidem
752 919 861 980 Penda
888 939 961 979 cum
996 918 1084 978 omni

130 1019 318 1080 Marciorum
349 1019 443 1093 gente
474 1015 568 1076 idolis
598 1017 731 1092 deditus,
762 1021 794 1078 ei
822 1017 990 1078 Christiani
1018 1020 1084 1076 erat

130 1117 270 1178 nominis
291 1116 438 1193 ignarus3
459 1119 492 1175 at
507 1133 582 1175 uero
596 1115 764 1176 caedualla
771 1115 791 1191 ²,
810 1116 954 1192 quamuis
967 1136 1083 1176 nomen

130 1219 162 1277 et
185 1215 410 1294 professionem
431 1214 560 1274 haberet
584 1213 763 1288 Christiani,
787 1216 863 1274 adeo
885 1219 993 1274 tamen
1017 1218 1083 1275 erat

130 1315 237 1375 animo
249 1333 285 1374 ac
299 1313 440 1373 moribus
453 1312 609 1386 barbarus,
626 1315 662 1372 ui
677 1331 717 1372 ne
731 1312 818 1373 sexui
833 1311 960 1390 quidem
974 1312 1083 1372 mulie

129 1414 186 1486 bri,
214 1412 266 1472 uel
291 1412 443 1471 innocuae
469 1410 672 1487 paruulorum
694 1413 852 1488 parceret³
876 1412 978 1485 aetati,
1006 1411 1082 1488 quin

130 1511 296 1571 uniuersos
310 1509 469 1570 atrocitate
483 1508 582 1568 ferina
603 1509 699 1568 morti
715 1529 770 1586 per
790 1513 948 1570 tormenta
966 1513 1084 1570 contra·
1120 1507 1124 1515 ’

131 1610 226 1684 deret,
252 1610 353 1670 mulio
377 1612 519 1685 tempore
540 1610 622 1668 tuias
646 1627 755 1668 corum
779 1609 955 1685 prouincias
979 1609 1083 1669 debac·
1147 1675 1150 1680 ,

130 1709 252 1768 chundo
262 1711 497 1785 peruagatusao
506 1710 610 1767 totum
619 1708 900 1785 genusAnglorum
909 1708 1082 1769 Brittaniae

131 1805 249 1867 finibus
263 1825 425 1866 erasurum
439 1825 473 1866 se
485 1825 552 1865 esse
567 1805 751 1866 deliberans
788 1805 849 1866 Sed
864 1827 921 1866 nec
938 1807 1081 1885 religioni

131 1905 334 1978 Christianae,
353 1923 432 1982 quse
450 1904 532 1981 apud
551 1923 604 1964 eos
625 1907 733 1964 exorta
753 1907 827 1978 arai,
843 1905 962 1982 aliquid
975 1905 1083 1983 inpen-

129 2004 222 2065 debat
248 2003 384 2064 honoris
443 2003 565 2080 Quippe
589 2022 662 2062 cum
684 2023 784 2080 usque
805 2004 898 2064 hodie
923 2005 1019 2064 moris
1040 2006 1082 2066 sii

129 2103 327 2178 Brettonum,
345 2099 440 2162 fidem
462 2101 709 2179 religionemque
722 2103 899 2180 Anglorum
920 2124 977 2179 pro
998 2105 1080 2165 nihil

128 2202 251 2275 habere,
270 2201 420 2278 usquein
440 2199 544 2277 aliquo
562 2200 607 2260 eis
624 2201 725 2278 magis
741 2202 970 2263 communicare
987 2223 1081 2280 quam

126 2300 264 2379 paganis
297 2300 472 2360 ·Adlatum
501 2303 548 2359 est
577 2303 682 2360 autem
705 2302 798 2377 caput
820 2301 978 2361 Aeduini⁴
1000 2303 1081 2380 regis

127 2400 316 2472 Eburacum,
354 2403 386 2458 et
422 2397 557 2458 inlatum
591 2401 699 2476 postes
733 2399 769 2458 in
802 2399 965 2460 ecclesiam
999 2401 1080 2460 beati

126 2497 260 2576 apostoli
285 2497 380 2570 Petri,
407 2516 502 2574 quam
526 2497 592 2574 ipse
617 2497 727 2575 coepit,
752 2498 807 2558 sed
829 2516 986 2559 successor
1013 2500 1081 2559 eius

126 2595 263 2658 Osuald¹
286 2597 422 2674 perfecie,
446 2599 483 2656 ut
506 2615 599 2673 supra
622 2596 794 2671 docuimus,
818 2597 957 2674 positum
978 2598 1080 2658 estin

125 2695 249 2772 porticu
272 2695 372 2755 sancii
395 2715 492 2772 papae
512 2694 661 2772 Gregorii,
687 2695 816 2755 acuius
838 2695 904 2772 ipse
922 2696 1081 2773 discipulis

125 2793 259 2854 uerbum
280 2793 363 2854 uitae
383 2793 586 2871 smceperat⁸.

168 2891 315 2954 'l'urbstis
332 2894 436 2970 itaque
452 2893 544 2952 rebus
559 2892 915 2970 Nordanhymbrorum⁸
928 2893 1023 2954 huius
1035 2913 1080 2953 ar·
1096 2913 1216 2960 munau«

125 2992 226 3052 ticulo
240 2991 345 3066 cludis,
362 3011 435 3051 cum
450 2991 496 3050 nil
510 2991 625 3050 alicubi
640 2990 786 3066 praesidii
800 2992 862 3050 nisi
877 2992 911 3050 in
925 2991 1000 3069 fuga
1013 3012 1079 3052 esse
1095 2975 1237 3078 {ima

125 3090 296 3164 uideretur,
311 3089 463 3150 Paulinus
473 3090 617 3149 adsumta
630 3107 735 3149 secum
750 3089 857 3167 regina
871 3089 1077 3168 Aedilbergd,
1096 3094 1231 3148 Ethelbcnt

124 3207 222 3266 quam
239 3188 360 3265 pridem
374 3188 552 3261 adduxerat,
569 3187 661 3247 rediit
676 3187 821 3248 Cantium
836 3188 969 3264 nauigio,
986 3191 1080 3266 atque
1096 3153 1221 3259 &aaa

123 3287 165 3348 ab
191 3287 334 3348 Honorio
356 3287 584 3364 archiepiscopo
607 3289 639 3344 ei
664 3305 737 3362 rege
757 3286 917 3346 Esdbaldo
940 3287 1079 3348 multum

124 3381 298 3441 honorifice
332 3387 496 3458 susceptus
530 3384 585 3440 est.
639 3379 738 3440 Uenii
764 3382 871 3440 autem
898 3380 974 3440 illuc
1002 3381 1080 3442 duce

125 3481 227 3540 Besso
249 3480 350 3540 milite
368 3479 449 3557 regis
470 3479 620 3538 AEduini⁴
634 3476 816 3553 fortissimo,
834 3478 953 3539 habeus
973 3499 1078 3539 secum

161 3671 167 3698 ¹
185 3669 308 3733 osuuald,
321 3669 397 3720 doc
520 3667 529 3696 ¹
546 3670 647 3720 -uualla
660 3671 688 3720 C.
798 3669 809 3699 ⁸
824 3673 954 3734 parceret,
961 3673 1036 3717 added
1049 3685 1080 3717 on

124 3753 222 3808 mmqin
234 3749 270 3798 u.
416 3749 424 3778 ⁰
440 3748 553 3798 oduuini
567 3751 603 3808 ῦς
621 3749 715 3797 aduini
728 3749 759 3798 B.
895 3749 905 3777 ⁸
922 3749 1034 3810 ciperet
1044 3747 1079 3796 n.

122 3827 134 3854 ⁸
151 3829 267 3876 nordan-
279 3827 307 3890 O,
322 3831 362 3876 bru
372 3831 407 3876 the
418 3832 460 3876 bor
470 3830 497 3886 of
503 3831 538 3876 the
550 3827 564 3876 d
576 3831 597 3876 is
608 3831 692 3876 manos
702 3832 813 3886 anuinio
824 3831 853 3886 bu
863 3825 901 3876 0².
973 3823 983 3852 ¹
999 3826 1079 3875 sedil-

123 3907 222 3969 bergae
234 3903 264 3954 (3ι
277 3921 284 3966 3
300 3919 343 3967 -gs
356 3904 393 3954 θ’.
