2859 4334
145 258 204 307 crs.
217 253 298 319 x1v.]
449 243 564 311 Gentis
585 243 791 330 duplorum.
1026 241 1090 306 235

142 413 307 474 inuenient
327 413 420 474 illum
440 413 505 490 hac,
523 417 559 474 nt
580 413 727 487 diximus,
747 412 798 472 die
818 415 944 488 raptum
965 429 1033 470 esse
1053 409 1092 470 de

142 513 273 573 saecule.
318 513 483 574 Celebrent
497 533 570 590 ergo
584 512 695 572 missas
708 532 765 589 per
778 514 890 571 cuncta
910 509 1091 569 monasterii

141 610 275 670 oratoria
296 611 398 680 huius,
423 611 489 672 siue
513 632 570 689 pro
594 610 763 689 gratiarum
785 609 906 669 actione
930 607 1091 668 exauditae

141 725 215 768 suae
229 709 453 786 deprecationis
462 711 480 786 ¹,
498 709 565 770 siue
585 709 681 769 etiam
702 709 736 768 in
757 706 943 768 memoriam
958 705 1092 783 praefati

141 806 223 883 regis
248 807 384 882 Osualdi,
409 807 464 884 qui
486 807 645 885 quondam
669 807 815 889 ipsorum
833 804 921 882 genti
944 806 1090 882 praeerat,

140 903 273 982 ideoque
287 926 342 982 pro
357 907 409 982 eis,
428 906 516 983 quasi
529 926 586 982 pro
601 925 673 966 suae
688 904 792 983 gentis
804 903 943 977 aduenis,
960 902 1092 979 supplex

140 1003 249 1064 orabat
270 1005 310 1065 ad
333 1005 526 1079 Dominum3
548 1008 580 1065 et
602 1003 724 1064 cunctis
747 999 1025 1062 conuenientibus²
1052 1000 1090 1060 ad

140 1102 302 1163 ecclesiam
336 1104 492 1178 fratribus,
531 1102 764 1162 communicent
798 1120 908 1161 omnes
934 1097 1093 1159 sacrificiis

140 1202 335 1278 caelestibus,
359 1203 458 1263 etita
480 1203 583 1263 soluto
604 1201 722 1262 ieiunio
744 1221 857 1278 corpus
877 1219 1001 1278 quoqre
1025 1198 1093 1259 suis
1131 1201 1135 1209 '

139 1299 284 1361 reficiant
297 1301 477 1362 alimentis’

182 1399 269 1473 Quae
283 1420 355 1460 oum
369 1401 475 1460 omnia
490 1404 599 1461 uocato
612 1400 652 1460 ad
666 1419 699 1459 se
710 1398 892 1476 presbytero
906 1416 983 1474 puer
996 1396 1093 1456 uerba

139 1501 306 1572 narrasset,
332 1499 537 1576 interrogauit
560 1519 633 1559 eum
662 1497 823 1571 sollicitus,
852 1496 958 1572 quales
987 1499 1093 1555 essent

139 1596 251 1656 habitu
280 1596 331 1657 uel
359 1597 459 1674 speeie
488 1597 556 1672 uiri,
588 1597 643 1674 qui
677 1596 738 1656 sibi
769 1596 992 1672 apparuissent.
1037 1594 1093 1652 Re·

139 1695 290 1772 spondit:
314 1695 487 1756 ‘Praeclari
506 1696 637 1756 omnino
658 1694 793 1768 habitus,
817 1697 849 1753 et
872 1693 982 1753 uultus
1003 1694 1093 1751 erant

138 1791 306 1853 laetissimi
340 1813 375 1872 ac
413 1793 625 1871 pulcherrimi,
665 1793 772 1870 quales
807 1811 981 1869 numquam
1019 1793 1092 1851 ante

138 1891 290 1966 uideram,
321 1913 424 1970 neque
451 1893 572 1969 aliquos
600 1892 768 1952 hominum
796 1890 879 1976 tanti
907 1889 1025 1950 decoris
1057 1909 1092 1949 ac

138 1991 316 2050 uenustatis
340 2011 407 2051 esse
435 2012 524 2068 posse
553 1991 723 2052 credebam.
769 1992 861 2051 Unus
889 1987 1017 2066 quidem
1043 1988 1094 2047 ad·

137 2091 253 2149 tonsus
280 2093 354 2164 erat,
380 2094 416 2150 ut
443 2090 580 2166 clericus,
604 2090 685 2150 alius
708 2089 838 2148 barbam
865 2087 999 2148 habebat
1026 2106 1094 2162 pro·

136 2186 259 2262 lixam3
283 2187 495 2266 dicebantque,
520 2191 603 2266 quod
624 2208 707 2249 unus
731 2207 839 2248 eorum
862 2187 984 2260 Petrus,
1008 2185 1089 2244 alius

136 2289 304 2346 uocaretur
325 2286 462 2362 Paulus;
490 2287 603 2365 stipsi
623 2289 727 2348 essent
747 2284 887 2346 ministri
908 2282 1037 2344 Domini
1057 2287 1089 2343 et

136 2383 311 2445 Saluatoris
339 2386 441 2446 nostri
468 2386 541 2446 Iesu
570 2385 695 2461 Christi,
727 2385 766 2444 ad
794 2383 963 2444 tuitionem
991 2382 1090 2442 nostri

135 2483 323 2542 monasterii
354 2485 443 2544 missi
469 2486 509 2544 ab
537 2485 604 2562 ipso
632 2485 670 2544 de
698 2483 811 2543 caelis’
853 2481 993 2542 Credidit
1015 2501 1089 2559 ergo

136 2581 246 2642 uerbis
265 2582 353 2658 pueri
374 2584 544 2661 presbyter,
563 2583 617 2642 ao’
635 2583 744 2642 statim
765 2600 907 2658 egressus
926 2579 1091 2657 requisiuit

134 2681 171 2740 in
195 2679 309 2740 annale
333 2701 398 2756 suo,
423 2684 454 2741 et
477 2682 601 2743 inuenit
624 2682 731 2742 eadem
755 2681 823 2758 ipsa
846 2680 896 2740 die
917 2679 1089 2740 Osualdum

135 2797 247 2856 regem
269 2779 365 2838 fuisse
388 2784 587 2857 peremtum3
609 2779 788 2857 necatisque
808 2778 965 2851 fratribus,
989 2778 1090 2854 parari

134 2877 318 2956 prandium,
349 2878 462 2939 missas
490 2879 565 2954 fieri,
596 2882 691 2955 atque
723 2897 834 2937 omnes
861 2877 1090 2936 communicare

134 2995 227 3036 more
252 2976 346 3037 solito
368 2977 542 3054 praecepit3
566 2977 662 3037 simul
686 2980 718 3037 et
737 2975 913 3036 infirmanti
934 2995 1031 3051 puero
1051 2975 1091 3035 de

134 3074 250 3135 eodem
275 3075 424 3136 sacrificio
449 3076 624 3137 dominicae
646 3074 814 3135 oblationis
837 3073 1022 3151 particulam
1042 3074 1091 3133 de·

133 3171 216 3234 ferri
230 3174 400 3236 mandauit

179 3271 303 3346 Quibus
323 3273 366 3333 ita
389 3273 493 3351 gestis,
519 3293 584 3333 non
606 3273 709 3332 multo
730 3273 801 3348 post
820 3271 929 3330 eadem
951 3271 1019 3348 ipsa
1039 3272 1091 3331 dia

133 3391 217 3450 puer
231 3371 397 3432 defunctus
413 3375 468 3448 est,
485 3391 602 3450 suaque
620 3375 722 3430 morte
741 3369 886 3447 probauit
903 3388 977 3428 uera
994 3370 1091 3430 fuisse

135 3468 242 3543 uerba
260 3489 339 3545 quae
357 3469 397 3530 ab
411 3471 558 3547 apostolis
577 3468 696 3531 Christi
713 3468 860 3528 audierat.
906 3462 967 3528 Sed
986 3471 1018 3527 st
1031 3467 1091 3528 hoc

134 3568 207 3629 eius
221 3567 326 3628 uerbis
339 3569 556 3630 testimonium
575 3568 743 3646 perhibuit,
761 3566 843 3644 quod
862 3586 957 3626 nemo
970 3571 1091 3643 praeter

134 3667 244 3744 ipsum
262 3669 402 3744 tempore
416 3667 473 3728 illo
487 3687 526 3728 ex
543 3667 652 3727 eodem
666 3669 714 3726 est
728 3665 916 3726 monasterio
930 3668 1037 3742 raptus
1051 3666 1090 3725 de

133 3765 269 3826 mundo.
314 3765 362 3826 Ex
387 3785 447 3843 qua
474 3765 628 3826 nimirum
655 3764 777 3825 uisione
804 3763 907 3839 multi,
933 3763 988 3839 qui
1015 3763 1091 3825 haec

254 3912 262 3940 ¹
280 3927 339 3962 ·nes
350 3911 397 3964 Μ’.
543 3914 553 3942 ¹
569 3912 668 3963 aduen-
680 3912 726 3964 Μ’.
873 3913 883 3944 ³
899 3914 928 3962 at
939 3911 976 3962 Μ.
