2859 4334
362 265 426 328 148
630 264 787 330 Historia
809 263 1039 330 Ecrlceiaetica
1184 264 1305 348 [imru.

360 457 430 500 osse
453 438 520 500 eius
544 427 681 512 inultum,
708 444 801 517 atque
823 441 862 500 nd
886 438 1055 512 ecclesiam,
1080 438 1115 498 in
1138 457 1200 516 que
1228 456 1307 498 nunc

360 541 530 614 seruantur,
548 537 696 600 translate
709 542 793 599 sunt.
841 539 970 599 Factum
985 541 1033 598 est
1050 541 1156 598 autem
1177 537 1238 597 hoc
1258 555 1307 613 per

361 636 548 696 industriam
570 637 694 714 reginae
713 637 899 697 Marciorum
916 637 1094 715 osthrydae
1105 636 1122 710 ¹,
1146 656 1227 714 qune
1247 637 1305 695 erni

361 735 426 795 lilio
449 736 554 798 fratris
578 737 653 812 eius,
679 737 711 796 id
737 741 784 796 est
806 737 913 808 osuin,
938 737 993 814 qui
1014 739 1085 813 post
1108 736 1202 796 illum
1223 733 1304 812 regni

360 835 479 911 apicem
493 835 627 906 tenebat,
645 839 680 894 ut
697 836 731 894 in
746 836 949 911 sequentibus
962 835 1110 895 dicemus

189 946 304 991 unwelo’s
402 936 460 993 Est
487 935 711 995 monasterium
747 934 852 994 nobile
882 933 916 993 in
948 933 1109 1011 prouincia
1143 931 1280 992 Lindissi
1287 931 1303 1000 ¹,

188 1007 325 1110 mpod
361 1033 489 1092 nomine
504 1034 685 1094 Benrdeneu
697 1033 716 1107 ³,
734 1035 816 1110 quod
836 1034 943 1093 eodem
957 1033 1153 1110 reginarium
1170 1032 1240 1092 uiro
1252 1051 1302 1090 suo

186 1125 340 1178 toserdney,
359 1130 546 1193 Aedilred0⁴
565 1132 703 1193 multum
726 1133 881 1209 diligebat,
904 1129 1117 1204 uenerabetur‚
1141 1129 1300 1196 excolebat,

359 1227 394 1288 in
408 1249 470 1305 quo
482 1230 676 1291 desiderabat
687 1231 869 1291 honorande
879 1230 983 1308 patrui
992 1231 1042 1290 sui
1052 1249 1122 1290 osse
1132 1231 1299 1291 recondere

359 1327 502 1405 Cumque
523 1331 661 1390 uenisset
682 1349 814 1404 carrum,
838 1330 871 1389 in
901 1349 962 1407 quo
989 1328 1098 1389 eedem
1126 1330 1301 1390 esesdune

358 1428 481 1502 buntur,
508 1428 709 1488 incumbente
740 1448 876 1505 uespera,
908 1428 942 1487 in
972 1429 1199 1488 monasterium
1227 1447 1301 1505 prae

358 1527 468 1600 fatum,
486 1527 656 1587 noluerunt
670 1547 713 1602 ee,
732 1527 787 1604 qui
805 1530 893 1586 erant
912 1527 947 1586 in
961 1527 1161 1601 monasterio,
1178 1527 1300 1587 libenter

358 1624 517 1700 excipere3
547 1625 620 1701 quis
648 1625 705 1685 etsi
733 1628 876 1684 sanctum
904 1645 977 1684 eum
1004 1629 1168 1699 nouerant,
1193 1628 1297 1693 tamen,

357 1722 430 1798 quis
444 1723 482 1782 de
495 1723 556 1783 elin
569 1723 729 1799 prouincia
743 1726 831 1783 ortus
844 1723 953 1797 meret,
970 1726 1000 1783 et
1009 1743 1166 1800 supereos
1179 1743 1299 1802 regnum

357 1825 520 1898 acceperet,
546 1825 703 1883 ueteranis
724 1843 796 1882 enm
821 1823 902 1883 odiis
926 1823 1021 1883 etium
1045 1827 1207 1884 mortuum
1230 1824 1299 1882 inse

357 1922 538 2006 qnebnntur.
585 1922 677 1982 Unde
695 1922 814 1983 factum
834 1926 889 1994 est,
909 1925 946 1982 ut
962 1921 1030 1998 ipse
1050 1925 1144 1982 nocte
1162 1921 1299 1998 reliquie

356 2021 476 2081 adletae
511 2021 586 2080 loris
613 2024 840 2096 permanerent,
871 2021 1006 2081 tentorio
1034 2024 1160 2081 tentum
1194 2020 1298 2080 maiore

356 2139 451 2196 supro
470 2139 601 2195 carrum,
618 2120 652 2179 in
672 2141 735 2196 quo
756 2121 887 2194 inerant,
905 2123 1041 2180 extenso.
1085 2120 1148 2180 Sed
1167 2116 1295 2180 mimmii
1390 2136 1391 2153 ¹

355 2218 496 2278 caelestis
517 2220 659 2292 ostensio,
684 2239 778 2295 quam
801 2222 978 2279 reuerenter
999 2218 1072 2278 eue⁰
1093 2218 1294 2296 suscipiendae

355 2337 373 2376 a
387 2318 507 2378 cunctis
521 2318 665 2377 fidelibus
676 2322 788 2392 essent,
805 2318 959 2393 patefecit
996 2317 1076 2376 Nem
1090 2320 1158 2378 tote
1171 2319 1294 2377 senocto

356 2416 501 2476 columna
521 2417 600 2476 lucis
620 2436 639 2476 u
656 2435 741 2476 carro
759 2417 816 2476 illo
837 2417 875 2476 ud
897 2417 1015 2477 coelum
1035 2435 1136 2493 usqne
1154 2419 1289 2494 porrectu-

356 2515 503 2574 omnibus
522 2535 601 2591 pene
622 2515 762 2575 eiusdem
773 2515 943 2575 Lindissce⁸
957 2516 1136 2592 prouincias
1149 2515 1220 2575 locis
1231 2533 1293 2573 oon·

354 2613 459 2688 spicue
485 2613 593 2673 stabnt.
639 2612 733 2674 Unde
759 2633 852 2673 mone
879 2613 960 2673 facto
987 2613 1096 2674 matres
1126 2608 1292 2674 monosterii

354 2710 448 2784 illius,
481 2711 535 2786 qui
569 2711 667 2789 pridie
701 2712 882 2785 abnuerunt,
913 2711 1080 2788 diligenter
1107 2712 1168 2789 ipsi
1199 2715 1291 2788 petere

356 2814 532 2886 coeperunt,
551 2813 586 2870 ut
600 2810 682 2886 apud
697 2831 731 2870 so
745 2810 891 2870 enodem⁷
904 2812 1028 2870 sanctes
1046 2829 1082 2870 nc
1096 2811 1162 2870 Deo
1175 2809 1290 2870 dilecte

354 2908 504 2986 reliquiae
517 2910 732 2969 conderentur.
777 2908 856 2968 Loto
875 2908 973 2986 igitur
992 2927 1063 2968 osse
1081 2909 1248 2968 intulerunt
1259 2907 1289 2964 in

355 3008 487 3082 thecam,
505 3028 598 3085 quam
613 3007 647 3066 in
662 3007 721 3067 hoc
734 3010 1001 3084 pmeparuuernnt,
1022 3010 1118 3084 etque
1131 3008 1165 3068 in
1178 3003 1288 3066 ecclesi·

354 3106 441 3166 iuxtn
458 3107 608 3166 honorem
630 3127 803 3184 congruum
822 3109 1013 3182 posueruut3
1034 3109 1067 3166 et
1086 3111 1124 3167 ut
1142 3107 1220 3184 regie
1234 3100 1287 3163 uiri

354 3206 451 3264 sancti
470 3225 602 3281 persona
620 3205 804 3265 memoriam
823 3205 951 3265 haberet
967 3209 1137 3281 aeternam,
1153 3203 1285 3264 uexillum

353 3303 419 3362 eius
446 3323 539 3381 super
560 3305 703 3364 tumbam
727 3324 802 3364 euro
826 3308 858 3364 et
877 3325 1014 3382 purpura
1037 3306 1226 3383 conpositum
1243 3301 1286 3360 sd

353 3405 532 3478 posuerunt,
551 3403 711 3480 ipsamque
730 3423 851 3480 nquam,
869 3403 903 3462 in
916 3423 979 3481 que
996 3402 1140 3464 leuemnt
1151 3404 1161 3436 ⁸
1174 3421 1242 3470 osse
1255 3399 1283 3457 in

352 3501 467 3578 angulo
482 3501 605 3561 sacrarii
619 3502 776 3562 fuderunt.
821 3503 870 3561 Ex
884 3522 946 3579 quo
960 3506 1100 3579 tempore
1113 3503 1222 3563 factum
1233 3500 1279 3561 est·

352 3598 388 3655 ut
410 3595 477 3671 ipse
495 3599 586 3671 terra,
603 3616 682 3672 queo
700 3596 860 3656 lnuscrum
878 3597 883 3676 Ι
901 3597 1081 3658 uenerabile
1100 3590 1280 3674 susceptat
1297 3609 1348 3662 ts

385 3770 734 3836 ¹ostr·ydae1t;ostryte().
789 3774 954 3824 ’lindisilt
1009 3773 1142 3838 ⁸·nth’.
1191 3768 1279 3822 'udil-

355 3851 384 3901 C.
479 3853 641 3901 ⁵eucerased
662 3853 825 3903 uC.cndl3.
919 3851 1001 3903 ’ω
1013 3855 1087 3906 C.B.
1174 3849 1275 3901 'culm

352 3929 387 3979 ll.
398 3929 429 3978 B.
443 3929 472 3980 C.
615 3932 625 3962 ⁸
641 3934 716 3981 ·runt
729 3931 764 3981 M.
776 3931 822 3994 111.
