2859 4334
330 220 372 282 32
589 221 749 287 Hieram
770 221 1001 288 Ecclesiastico
1177 233 1243 298 [ιιι.
1256 239 1276 287 ῐ.

330 394 417 454 euius
444 398 531 472 pater
559 396 649 457 Uitta
659 394 677 472 ¹,
709 397 798 457 cuius
825 400 912 473 pater
940 397 1046 471 Uecta,
1077 397 1166 457 cuius
1192 401 1279 476 pater

330 493 471 569 Uoden²‚
506 495 545 554 de
586 495 674 555 cuius
711 495 806 572 stirpe
841 496 1012 557 multarum
1047 495 1278 572 prouinciamm

330 593 450 669 regium
465 613 564 670 genus
577 594 730 671 originem
744 594 842 654 duxit

207 758 212 768 Ι
371 690 443 750 Non
463 711 551 751 mora
571 712 651 769 ergo,
675 692 905 752 confluentibus
925 692 1068 752 certatim
1090 693 1125 752 in
1141 692 1278 752 insulam

179 816 201 859 ,1
214 771 246 860 ¹²„
259 785 280 861 j
300 772 473 865 ⁰gentium
495 793 735 850 memoratarum
756 791 896 864 cateruis,
921 792 1123 868 grandeseere
1145 791 1280 869 populus

330 888 432 963 coepit
466 890 665 964 aduenarum,
695 888 741 948 ita
774 893 811 948 ut
846 889 941 966 ipsis³
976 910 1106 967 quoque,
1137 890 1195 967 qui
1229 911 1281 950 eos

329 987 564 1062 aduocauerant,
589 987 765 1065 indigenis⁴
785 991 890 1048 essent
909 989 1027 1049 terrori
1072 991 1155 1049 Tum
1176 991 1280 1050 subito

329 1085 408 1145 inito
423 1086 461 1144 ad
482 1090 608 1162 tempus
622 1086 745 1146 foedere
762 1107 835 1147 cum
856 1087 963 1163 Pictis,
981 1107 1059 1164 quoe
1078 1087 1205 1164 longius
1218 1089 1280 1148 iam
1403 1064 1404 1109 l

329 1182 475 1244 bellando
489 1185 680 1268 pepulerant,
697 1184 732 1244 in
746 1186 864 1246 socios⁵
876 1205 963 1246 anne
978 1189 1098 1245 uertere
1111 1185 1277 1263 incipiunt.

331 1283 373 1343 Et
391 1283 528 1359 primum
548 1283 674 1360 quidem
691 1303 833 1344 annonas
850 1287 906 1347 sibi
924 1305 977 1345 eos
997 1284 1170 1360 affluentius
1191 1285 1280 1344 mini·

329 1385 427 1442 strare
448 1384 570 1459 cogunt,
597 1387 840 1460 quaerentesque
860 1387 1039 1445 occasionem
1057 1383 1194 1457 diuortii,
1216 1403 1282 1458 pro-

330 1485 479 1554 testantur,
496 1483 555 1543 nist
565 1482 719 1557 pmsuscbr
730 1482 791 1543 sibi
806 1483 1028 1544 alimentorum
1043 1482 1131 1559 copia
1145 1483 1278 1551 daretur,
1403 1446 1404 1529 i

330 1598 359 1640 sc
378 1585 481 1640 oracta
500 1582 613 1640 insulae
633 1581 699 1640 loca
716 1587 802 1656 rapto
817 1583 931 1656 foedere
944 1585 1127 1642 uastaturoa
1171 1582 1281 1657 Neque

330 1679 488 1755 eliquanto
516 1678 641 1755 segnius
668 1682 766 1741 cunae
792 1681 938 1754 effectibas
958 1685 1184 1756 prosequuntur.
1236 1678 1281 1738 Si·
1295 1691 1374 1736 saun

331 1778 465 1855 quidem,
493 1780 529 1837 ut
557 1777 693 1837 breuiter
721 1777 830 1854 dicam,
855 1799 992 1842 accensas
1021 1778 1164 1840 manuus
1191 1797 1281 1855 paga·
1295 1751 1344 1808 ξ’*

331 1897 444 1936 norum
466 1878 550 1952 ipsis,
575 1880 669 1938 testas
691 1878 730 1937 de
752 1878 908 1939 sceleribus
930 1877 1039 1956 populi
1066 1878 1126 1936 Dei
1151 1879 1282 1936 ultiones

331 1975 468 2052 expetiit,
494 1995 558 2034 non
581 1975 669 2034 illius
693 1976 791 2053 inpar,
815 1977 869 2053 qui
894 1977 1052 2054 quondam
1075 1995 1094 2035 a
1115 1975 1282 2036 Chaldaeis

331 2094 504 2148 succensus,
520 2074 843 2152 Hierosolymorum⁶
867 2077 999 2151 moenia,
1021 2077 1120 2136 immo
1141 2075 1281 2136 aedificia
1403 2088 1404 2141 ὲ

331 2177 442 2234 cuneta
469 2173 647 2234 consumsit
702 2175 754 2235 Sic
782 2175 867 2235 enim
896 2178 928 2235 et
954 2175 1006 2234 hic
1039 2177 1152 2251 agente
1182 2172 1283 2250 impio
1403 2152 1405 2211 i

332 2273 457 2346 uictore,
473 2272 572 2331 immo
586 2251 770 2348 disponente
788 2273 872 2334 iusto
886 2273 1001 2348 Iudice,
1018 2273 1178 2350 proximas
1191 2291 1280 2347 quae·

330 2389 384 2446 qao
416 2375 547 2434 ciuitates
579 2391 720 2448 aprosque
747 2374 939 2448 depopulans,
970 2372 1009 2432 ab
1035 2374 1169 2434 orientali
1203 2376 1282 2434 man

329 2488 420 2544 espace
430 2471 469 2530 ad
479 2471 659 2544 occidentale,
672 2470 760 2530 nullo
771 2471 965 2547 prohibente,
979 2491 1072 2531 suum
1082 2473 1281 2532 continuauit

328 2568 519 2641 incendium,
532 2572 692 2646 totamque
701 2589 797 2647 prope
806 2573 921 2632 insulae
928 2571 1086 2646 pereuntis
1099 2575 1281 2648 caeperficiem
1403 2640 1404 2659 χ

329 2667 456 2728 obtexit.
500 2668 644 2727 Ruebant
668 2669 807 2728 aedificia
827 2669 951 2746 puplica
972 2668 1068 2729 simul
1089 2674 1121 2730 et
1145 2672 1276 2748 priuata

330 2767 445 2843 passim
459 2769 619 2828 sacerdotes
632 2768 715 2827 inter
733 2769 842 2829 attona
859 2768 1100 2841 trucidabantur,
1121 2771 1280 2847 praesules
1403 2816 1404 2819 η

329 2885 394 2926 cum
406 2866 526 2941 populis
539 2866 607 2926 sine
621 2865 686 2925 ullo
705 2869 847 2942 respectu
865 2867 1000 2941 honoris,
1017 2868 1099 2927 ferro
1113 2869 1230 2945 pariter
1247 2873 1278 2928 et
1403 2948 1404 2951 Ἴ

323 2969 456 3039 flammis
480 2965 743 3039 absumebantur3
779 2986 836 3025 nec
863 2969 934 3038 erat,
962 2966 1016 3042 qui
1044 2969 1212 3028 emdeliter
1234 2970 1279 3028 in·
1403 2956 1404 2969 ¹

329 3069 477 3125 teremtos
517 3067 686 3140 sepulturae
727 3066 871 3126 traderet.
925 3068 1031 3141 Itaque
1060 3071 1198 3128 nonnulli
1239 3070 1278 3128 de
1295 3085 1381 3136 nasa

328 3165 502 3226 miserandis
522 3163 653 3240 reliquiis
675 3169 708 3224 in
729 3167 874 3226 montibus
895 3168 1092 3241 conprehensi,
1117 3171 1279 3228 mameae

328 3266 557 3339 inquietantem
592 3267 645 3325 clii
672 3264 756 3338 same
782 3266 921 3338 consecti⁷
955 3267 1138 3341 procedentes
1170 3286 1279 3328 monas

328 3364 456 3424 hosticae
477 3359 592 3436 dabant,
611 3383 666 3439 pro
685 3363 870 3440 accipiendis
887 3363 1108 3424 alimentorum
1131 3366 1279 3426 subsidiis

329 3465 490 3522 aeternum
519 3463 652 3522 subituri
679 3464 844 3538 smitium,
872 3465 898 3524 ei
925 3468 1023 3524 tamen
1049 3484 1112 3525 non
1140 3468 1279 3525 continuo

330 3564 563 3635 tnccidcrcntur;
585 3565 638 3624 alii
661 3566 873 3624 transmarinas
895 3567 1022 3639 reqioms
1043 3563 1185 3624 dolentes
1202 3572 1278 3640 peto

363 3794 445 3844 ¹uita
453 3795 484 3845 N.
574 3793 694 3844 ²woben
706 3795 747 3846 B'.
830 3796 958 3859 'ipsill
1047 3796 1215 3861 ‘indagenis
1232 3799 1279 3852 Μ’.

330 3873 442 3922 ⁵soeius
454 3871 498 3923 n1.
598 3873 857 3924 ‘hierusolimorum
869 3876 898 3924 G.
997 3873 1186 3927 'conuectiss
