2859 4334
363 233 427 297 260
539 233 540 237 ‘
631 203 789 300 uem
811 233 1042 299 recreante
1183 241 1284 307 [rau.

361 407 509 469 debemus
522 413 678 470 auctorem
697 409 787 487 regni
805 409 952 484 caelestis,
969 408 1142 485 potentiam
1155 402 1287 468 creatoris

360 511 392 566 et
405 507 571 568 consilium
586 509 680 583 illius,
697 509 778 568 facta
792 509 897 569 Patris
909 509 1032 585 gloriae.
1072 507 1226 582 Quomodo
1234 504 1285 571 illa

360 625 432 666 cum
455 607 496 666 sit
516 611 661 667 aeternus
683 608 776 682 Deus,
800 608 944 667 omnium
963 606 1183 666 miraculorum
1200 607 1289 664 auctor

359 704 471 778 extitit,
489 705 543 780 qui
556 706 658 782 primo
678 706 753 765 filiis
770 706 937 765 hominum
958 705 1077 764 caelum
1095 725 1153 780 pro
1170 701 1289 763 culmine

357 805 439 877 tecti,
454 804 567 864 dehinc
577 809 692 864 terram
703 808 809 864 custos
818 803 965 863 humani¹
978 802 1101 880 generis
1109 803 1289 879 omnipotens
1389 820 1390 875 r

357 903 495 962 creauit.'
536 903 599 963 Hic
621 906 668 963 est
688 923 805 976 sensus,
833 923 898 963 noa
920 907 1024 962 autem
1049 902 1125 961 ordo
1149 901 1213 977 ipsc
1234 918 1288 958 uer

313 1046 323 1058 .
357 1000 477 1075 borum,
511 1021 590 1078 quae
624 1002 783 1063 dormiens
816 1001 870 1060 ille
904 1000 1051 1074 canebat;
1087 1021 1188 1077 neque
1219 998 1288 1058 enim

356 1102 487 1175 possunt
511 1100 657 1175 carmina,
684 1100 829 1176 quamuis
852 1099 971 1175 optime
992 1100 1160 1174 conposita,
1184 1118 1221 1156 ex
1240 1096 1289 1156 aiis

251 1211 253 1216 ’
357 1198 391 1257 in
423 1199 516 1258 aliam
544 1199 684 1276 linguam
711 1201 750 1259 ad
778 1197 912 1258 uerbum
941 1198 1010 1258 sins
1041 1197 1227 1257 detrimento
1250 1194 1289 1254 sui

356 1297 474 1356 decoris
497 1318 531 1357 ac
556 1297 718 1374 dignitatis
737 1296 909 1357 transferri.
951 1296 1134 1373 Exsurgens
1156 1299 1290 1355 autema
1389 1370 1390 1387 Χ

354 1416 473 1470 somno,
495 1401 611 1471 cuncte,
636 1417 714 1474 quae
736 1395 896 1456 dormiens
916 1399 1102 1471 cantauerat,
1125 1394 1290 1455 memoriter
1389 1396 1390 1475 t

354 1495 490 1569 retinuit,
515 1500 547 1555 et
569 1496 613 1555 eis
634 1516 708 1556 mox
732 1495 823 1572 plura
845 1496 881 1555 in
901 1496 1036 1555 eundem
1060 1495 1191 1555 modum
1210 1492 1290 1554 uerba

354 1593 420 1653 Deo
434 1594 521 1672 digni
535 1595 682 1654 carminis
694 1594 862 1657 adiunxit..

395 1691 426 1752 U
429 1693 597 1771 eniensque
611 1713 704 1752 mane
718 1694 757 1752 ad
771 1693 910 1763 uilicum,
925 1692 979 1769 qui
993 1691 1054 1751 sibi
1067 1695 1213 1768 praeerat,
1225 1688 1289 1766 quid

354 1792 428 1850 doni
449 1792 642 1869 percepisset,
668 1792 827 1864 indicauit,
847 1795 946 1867 atque
967 1792 1005 1851 ad
1030 1791 1216 1850 abbatissam
1235 1808 1291 1866 per·

355 1889 473 1965 ductus,
491 1891 594 1952 iussus
608 1894 663 1966 est,
685 1889 689 1968 Ι
708 1890 820 1950 multis
829 1890 1021 1950 doctioribus
1031 1887 1292 1965 uiris²praeseuti
1303 1880 1369 1939 1⁹¹²*

301 1979 308 1990 ’
354 1989 420 2061 bus,
434 1989 569 2050 indicare
581 1991 748 2064 somnium,
762 1993 794 2049 et
803 1989 905 2050 dicere
914 2007 1050 2062 carmen,
1062 1991 1099 2048 ut
1109 1989 1291 2048 uniersorum

354 2087 474 2164 iudicio,
490 2089 563 2165 quid
577 2089 629 2148 uel
641 2090 725 2148 unde
736 2090 824 2162 esset,
840 2087 922 2164 quod
937 2086 1097 2160 referebat,
1110 2086 1290 2163 probaretur.

354 2185 530 2263 Uisumque
552 2191 600 2246 est
621 2187 768 2246 omnibus
789 2186 953 2246 caelestem
978 2185 1007 2244 ei
1032 2205 1052 2245 a
1077 2185 1212 2245 Domino
1232 2204 1293 2243 con·

353 2304 470 2344 cessam
494 2285 579 2344 esse⁸
600 2285 741 2362 gratiana
786 2284 1056 2362 Exponebantque
1076 2283 1126 2342 illi
1147 2284 1292 2361 quendam

352 2403 453 2442 sacrae
467 2384 614 2444 historiae
628 2384 695 2443 siu'e
710 2384 869 2444 doctrinae
879 2404 1066 2457 sermonem,
1080 2382 1293 2461 praecipientes

352 2502 434 2556 eum,
451 2482 477 2542 si
492 2486 604 2559 posset,
622 2483 706 2542 hunc
721 2483 755 2543 in
774 2483 1022 2543 modulationem
1039 2482 1189 2542 carminis
1205 2486 1294 2540 trans

350 2580 438 2642 ferre.
483 2582 596 2642 Atilio
611 2585 754 2659 suscepto
772 2583 898 2658 negotio
912 2582 998 2655 abiit,
1015 2588 1048 2642 et
1062 2601 1157 2641 mane
1170 2579 1291 2649 rediens,
1389 2656 1390 2667 ἵ

350 2681 470 2754 optimo
488 2681 631 2754 carmine,
649 2681 732 2756 quod
750 2680 923 2754 iubebatur,
941 2681 1141 2758 conpositum
1157 2676 1291 2738 reddidit
1389 2752 1390 2757 η

177 2792 332 2839 nosocomos
351 2777 444 2837 Unde
462 2800 535 2839 mox
554 2779 709 2839 abbatissa
726 2780 922 2856 amplexata⁴
936 2779 1071 2856 gratiam
1090 2779 1151 2839 Dei
1170 2778 1203 2838 in
1219 2777 1291 2847 uiro,

176 2852 286 2896 ΝΜ
350 2877 537 2936 saecularem
555 2878 647 2938 illum
664 2879 808 2938 habitum
828 2879 1013 2955 relinquere,
1029 2881 1062 2938 et
1083 2876 1294 2937 monachicum

349 2975 503 3051 suscipere
521 2964 715 3052 propositum
733 2977 844 3052 docuit,
864 2980 1109 3053 susceptumque
1133 2977 1169 3036 in
1184 2993 1294 3035 monas
1389 2964 1390 3013 i

350 3073 463 3133 terium
484 3094 555 3134 cum
577 3075 723 3134 omnibus
744 3077 810 3136 suis
830 3077 964 3136 fratrum
984 3075 1107 3135 cohorti
1122 3073 1291 3142 adsocisuit.
1389 3092 1390 3157 p

348 3171 501 3248 iussitque
514 3172 606 3232 illum
621 3173 733 3233 seriem
747 3194 850 3234 sacrae
860 3174 1010 3235 historiae
1023 3174 1138 3234 doceri
1181 3177 1227 3235 At
1235 3173 1294 3249 ipsc
1389 3212 1390 3221 2

348 3275 466 3343 cuncta,
491 3291 570 3347 quae
594 3272 749 3332 audiendo
771 3273 888 3332 discere
909 3277 1040 3351 poterat,
1064 3271 1294 3334 rememorando

348 3387 459 3440 secum,
474 3372 505 3428 ct
520 3370 608 3445 quasi
619 3371 775 3430 mundum
786 3372 904 3432 animal
914 3373 1111 3445 ruminando,
1127 3373 1163 3432 in
1178 3387 1293 3432 carruca

347 3465 562 3526 dulcissimum
585 3469 794 3545 conuertebat‚
820 3471 1011 3548 suauiusque
1037 3467 1293 3531 resonando'doc
1389 3468 1390 3491 ¹

347 3566 430 3623 tores
454 3584 526 3624 suos
551 3566 690 3627 uicissim
717 3568 877 3628 auditores
903 3573 953 3630 sui
977 3571 1117 3630 iaciebat
1164 3568 1291 3631 canebat
1389 3576 1390 3609 t

347 3665 451 3721 autem
466 3663 504 3722 de
518 3664 671 3724 creatione
690 3666 811 3742 mundi,
830 3670 861 3727 et
876 3668 997 3746 origine
1016 3669 1153 3729 humani
1169 3666 1290 3752 generis,
1389 3740 1390 3755 χ

379 3808 387 3835 ¹
404 3809 546 3860 homiuum
559 3811 582 3860 N
586 3811 599 3861 ¹.
690 3811 700 3840 ¹
717 3814 918 3876 doctoribusjor
928 3817 997 3867 doct.
1013 3818 1082 3867 uiris
1094 3817 1128 3867 N.
1213 3815 1228 3866 .'
1242 3830 1294 3866 csse

346 3887 445 3937 mm
531 3891 691 3941 'wwffl
