2859 4334
317 251 362 318 ’18
591 257 748 323 Historia
762 255 994 323 Ecclesiastico
1170 262 1237 328 [Lo.
1249 265 1270 315 1.

316 435 524 509 maniffl‘fuii;
545 457 616 499 nom
624 457 679 514 per
691 439 725 498 X
737 457 832 500 cums
844 439 986 498 incendiis
998 437 1189 505 eccicsnmm,
1205 445 1271 505 pan

317 537 520 609 scriptionibus
530 541 725 614 innocentum,
739 541 874 601 coedibus
883 543 1047 613 martynum
1058 531 1270 594 incessabiliter
1285 527 1401 575 ocum

319 633 400 694 (Μία1
429 643 477 698 est.
533 637 678 715 Denique
698 639 795 698 etiam
816 637 1008 698 Brittaniam
1035 637 1105 694 tum
1129 629 1268 708 plurima
1285 590 1331 649 ξφ

321 735 526 796 confessionis
540 737 607 796 Deo
621 737 752 798 deuotee
765 737 864 815 gloria
877 733 1067 796 sublimauit.

693 983 785 1044 CAP.
815 982 890 1044 VIL

363 1139 448 1214 ¹Passio
464 1141 539 1186 madi
556 1136 660 1186 Altani²
676 1144 696 1186 et
712 1142 825 1186 menum
840 1140 898 1199 cius,
917 1139 958 1195 qui
975 1139 1050 1184 wdnn
1067 1141 1164 1192 φῆμαι
1177 1148 1223 1192 μυ

601 1220 700 1264 Docnino
717 1221 855 1274 sanquinem
865 1219 990 1274 suimet.

361 1347 521 1418 Srqumnsr
546 1347 578 1406 in
608 1367 644 1407 ea
671 1367 780 1424 passus
804 1350 853 1407 est
875 1350 1002 1407 sanctus
1029 1344 1203 1419 Albanus³‚
1232 1343 1272 1402 de

320 1465 381 1522 quo
402 1446 564 1524 presbyter
584 1446 794 1507 Fortunatus⁴
815 1445 849 1504 in
872 1445 978 1506 Laude
1001 1443 1171 1520 uirgInum,
1199 1461 1272 1502 cum

319 1544 482 1604 beatorum
503 1548 688 1622 martyrum,
715 1544 828 1621 quide
850 1547 916 1604 toto
937 1544 1011 1604 orbe
1034 1542 1074 1603 ad
1096 1541 1272 1604 Dominum

320 1643 471 1720 uenirent,
489 1644 682 1704 mentionem
698 1643 819 1718 faceret,
836 1643 902 1704 ait:
1291 1669 1367 1712 cam

1292 1728 1361 1770 vm
1373 1729 1403 1770 su

440 1803 593 1854 Albanum³
611 1805 747 1868 egregium
764 1805 880 1855 fecunda
897 1806 1021 1856 Britania
1036 1807 1146 1870 profert.
1292 1799 1335 1842 ¹⁵⁵

360 1940 422 2015 Qui
442 1940 587 2002 uidelicet
612 1939 783 2015 Albanus⁸,
813 1961 952 2019 paganus
974 1942 1084 2016 adhuc,
1110 1962 1183 2001 cum
1207 1963 1275 2019 per·

320 2041 455 2101 fidorum
490 2039 665 2117 principum
698 2039 846 2100 mundata
877 2041 1043 2100 aduersum
1076 2041 1275 2101 Christianos

321 2140 485 2214 saeuirent,
513 2139 660 2199 clericum
686 2138 842 2215 quendam
864 2142 1076 2215 persecutores
1097 2139 1276 2217 fugientem

320 2238 457 2315 hospitio
471 2239 606 2316 recepit;
634 2258 728 2316 quem
749 2239 825 2298 dum
846 2238 1038 2298 orationihus
1058 2237 1221 2299 continuis
1238 2259 1277 2299 ac

321 2338 439 2415 uigiliis
453 2338 503 2398 die
518 2341 674 2415 noctuque
687 2339 813 2398 studere
826 2338 1026 2414 conspiceret,
1043 2337 1148 2398 subito
1166 2337 1278 2398 diuina

321 2437 420 2513 gratia
447 2440 610 2512 respectae,
642 2437 822 2512 exemplum
851 2436 924 2496 fidei
951 2457 987 2496 ac
1014 2435 1142 2512 pietatis
1166 2437 1277 2496 illius³

322 2535 422 2611 coepit
446 2534 603 2610 aemulari,
634 2555 668 2595 ac
699 2535 886 2595 salutaribus
909 2535 977 2595 eius
1003 2535 1277 2596 exhortationibus

321 2632 472 2708 paulatim
500 2633 635 2708 edoctus,
663 2633 780 2692 relictis
804 2633 967 2693 idolatriae
994 2633 1141 2706 tenebris,
1169 2633 1277 2694 Chris·

321 2732 425 2791 tianus
438 2732 561 2809 integro
575 2752 614 2791 ex
627 2733 718 2792 corde
736 2732 838 2791 factus
856 2735 911 2792 est.
956 2732 1099 2808 Cumque
1116 2733 1278 2810 praefatus

321 2830 451 2891 clericus
464 2830 582 2908 aliquot
597 2831 705 2908 diebus
716 2832 798 2906 apud
813 2850 886 2890 eum
897 2830 1116 2906 hospitaretur,
1129 2831 1277 2907 peruenit

322 2930 360 2988 ad
388 2950 478 2990 aures
505 2929 633 2989 nefandi
659 2929 808 3005 principis
835 2929 1043 2988 confessorem
1068 2930 1196 3004 Christi,
1224 2931 1277 2990 cui

321 3028 455 3086 necdum
476 3028 578 3088 fuerat
598 3028 684 3087 locus
705 3026 848 3104 martyrii
868 3027 1043 3103 deputatus,
1064 3047 1163 3104 penes
1182 3028 1279 3089 Albe·

323 3144 399 3184 num
429 3126 533 3186 latere.
578 3125 672 3186 Unde
700 3126 808 3186 stetim
837 3125 929 3186 iussit
957 3126 1077 3186 milites
1105 3147 1179 3187 eum
1207 3127 1277 3188 dili·

322 3225 445 3300 gentius
471 3225 634 3301 inquirere.
679 3225 741 3299 Qui
768 3244 842 3284 cum
869 3226 907 3285 ad
936 3226 1100 3302 tugurium
1123 3227 1278 3304 martyris

322 3322 544 3397 peruenissent,
567 3321 570 3396 i
589 3343 661 3383 mox
677 3345 710 3384 se
725 3328 850 3384 sanctus
864 3325 1008 3384 Albanus
1026 3345 1083 3402 pro
1097 3324 1222 3402 hospite
1240 3345 1278 3385 ac
1294 3317 1368 3362 ω’

322 3421 469 3496 magistro
484 3441 548 3495 suo,
566 3422 664 3498 ipsius
678 3422 796 3496 habitu,
810 3424 842 3482 id
858 3427 905 3483 est
918 3423 1075 3496 caracalla,
1090 3445 1152 3500 que
1165 3425 1278 3484 uestie

323 3516 421 3590 batur,
444 3519 582 3592 indutus,
611 3520 767 3581 militibus
787 3521 936 3595 exhibuit,
961 3523 1056 3598 atque
1077 3523 1116 3582 ad
1139 3522 1280 3583 iudicem

324 3614 449 3674 uinctus
462 3616 629 3692 perductus
643 3620 698 3676 est.

356 3823 457 3871 ¹aueca
470 3823 500 3872 G.
611 3825 722 3873 ⁹uibini
735 3826 776 3874 N1.
874 3826 1019 3890 'albinuq
1031 3828 1130 3884 -inum,
1146 3794 1229 3876 cinus
1242 3829 1279 3879 R.

323 3897 331 3926 ⁴
349 3899 471 3960 iurt·h1;
489 3900 562 3950 lunt·
574 3901 616 3951 N¹.
733 3905 742 3933 ³
758 3904 886 3955 illiusom.
899 3905 946 3955 Μ’.
