2859 4334
165 292 225 341 cn.
238 286 284 352 r]
467 276 582 345 Gentis
603 278 811 364 duplorum.
1050 281 1116 345 299

165 446 290 507 oraculo
303 446 404 508 fuerat
417 447 629 525 praemonitus
641 470 649 523 ;
670 468 728 509 neo
746 445 923 509 Uietberet¹
937 443 1009 509 illas
1027 449 1115 509 deue

164 541 256 603 niens
272 544 307 604 in
327 550 431 623 partes
451 547 617 624 quicquam
638 545 826 623 proficiebat,
848 546 994 607 temtauit
1013 549 1115 608 adhue

164 640 199 701 in
223 663 302 720 opus
325 646 414 705 uerbi
437 645 563 707 mittere
590 644 695 706 uiros¹
720 649 846 705 sanctos
873 648 906 705 et
929 646 1111 721 industrios,

164 740 199 801 in
228 742 341 819 quibus
374 744 508 805 eximius
539 744 706 805 Uilbrord³
735 744 924 821 presbyteri⁴
954 746 1051 823 gradu
1083 750 1115 806 et

163 842 277 901 merito
290 842 510 920 praefulgebat.
555 842 614 919 Qui
634 863 706 903 oum
723 843 778 902 illo
795 843 1006 920 aduenissent,
1024 848 1114 905 erant

162 942 269 999 autem
289 960 420 1001 numero
440 940 516 1017 XII,
540 942 730 1002 diuertentes
750 943 789 1002 ad
811 941 982 1019 Pippinum
1004 944 1115 1005 duoem

164 1038 364 1115 Francorum,
389 1043 548 1118 gratanter
568 1042 608 1101 ab
628 1040 684 1101 illo
707 1040 843 1118 suseepti
867 1044 964 1115 sunt;
984 1045 1017 1100 et
1041 1042 1114 1118 quia

163 1151 264 1209 nuper
272 1134 447 1195 citeriorem
461 1134 599 1195 Fresiam
614 1135 743 1213 expulso
757 1134 831 1194 inde
848 1134 1028 1195 Rathbedo⁸
1042 1156 1113 1214 rege

39 1260 59 1287 ,ι
97 1260 117 1291 ι
162 1235 284 1309 ceperat
293 1234 310 1307 ⁸,
332 1231 338 1312 Ι
356 1234 522 1295 illoeosad
534 1234 775 1312 praedicandum
785 1234 893 1308 misit;
915 1234 1114 1312 ipsequoque

161 1330 317 1409 imperiali
330 1332 511 1393 auctoritate
523 1333 644 1409 inuans,
656 1353 697 1393 ne
708 1332 764 1410 qui
772 1332 1022 1411 praedicantibus
1032 1334 1113 1410 quie-

162 1450 256 1509 quam
281 1432 441 1492 molestiae
468 1432 617 1507 inferret;
645 1430 818 1509 multisque
845 1451 905 1507 eos,
935 1431 988 1509 qui
1016 1432 1112 1492 fidem

160 1529 317 1607 suscipere
340 1531 468 1605 uellent,
495 1531 655 1591 benefieiis
676 1530 854 1605 adtollens;
883 1531 967 1590 unde
993 1530 1112 1593 factum

160 1630 217 1695 est,
240 1627 413 1705 opitulante
438 1630 536 1708 gratia
558 1630 674 1705 diuina,
702 1632 738 1689 ut
759 1629 878 1689 multos
902 1629 938 1689 in
962 1629 1050 1689 breui
1073 1630 1112 1690 ab

160 1721 304 1783 idolatria
318 1723 356 1783 ad
372 1723 468 1784 fidem
481 1726 701 1785 eonuerterent
716 1723 842 1784 Christi.

200 1820 326 1881 Horum
350 1821 449 1882 secuti
471 1823 613 1899 exempla
633 1823 695 1883 duo
717 1822 845 1899 quidam
872 1822 1045 1900 presbyteri
1072 1824 1112 1883 de
1127 1830 1281 1885 untyrdom

160 1918 288 1979 natione
316 1920 503 1999 Anglorum,
531 1921 585 2000 qui
606 1921 641 1983 in
666 1920 821 1981 Hibernia
845 1920 948 1981 multo
972 1924 1113 1997 tempore
1126 1891 1266 1997 affl?

159 2036 217 2094 pro
231 2021 355 2079 aeterna
366 2019 466 2096 patria
476 2020 684 2094 exulauerant,
699 2022 857 2080 uenerunt
867 2020 905 2080 ad
917 2019 1112 2096 prouinciam

158 2116 373 2194 Antiquorum
397 2118 566 2193 Saxonum,
593 2120 620 2179 si
642 2120 722 2179 forte
743 2119 865 2196 aliquos
887 2117 1006 2178 ibidem
1027 2138 1110 2195 prae·

157 2214 288 2275 dicando
302 2215 426 2277 Christo
439 2217 601 2295 adquirere
614 2221 750 2295 possent.
788 2218 888 2277 Erant
898 2219 1003 2277 autern
1014 2217 1109 2277 unius
1186 2198 1193 2211 ⁸

155 2314 255 2389 ambo,
287 2314 367 2375 sicin
401 2315 583 2391 deuotionis,
614 2316 657 2377 sie
688 2317 783 2377 etiam
814 2316 976 2392 uooabuli;
1012 2316 1109 2377 nam²

155 2415 287 2490 uterque
301 2434 409 2474 eorum
425 2415 639 2492 appellabatur
658 2415 805 2475 Heuuald
817 2423 824 2438 '
838 2435 905 2490 ;‚ea
921 2419 1027 2475 tamen
1046 2417 1107 2477 dis·

155 2510 315 2587 tinctione,
334 2516 370 2573 ut
383 2533 440 2590 pro
454 2514 577 2574 diuersa
596 2514 780 2592 capillorum
799 2515 901 2591 specie
914 2535 997 2575 unus
1011 2515 1108 2593 Niger

155 2608 329 2687 Heuuald⁹,
355 2612 434 2673 alter
458 2613 561 2673 Albus
579 2614 746 2673 Heuuald'
770 2613 945 2688 diceretur3
973 2634 1107 2691 quorum

154 2710 285 2785 uterque
298 2709 414 2786 pietate
428 2710 587 2788 religionis
600 2711 738 2788 inbutus,
752 2712 807 2772 sed
818 2710 915 2789 Niger
928 2712 1075 2773 Heuuald
1086 2712 1107 2745 ¹⁰

154 2806 254 2885 magis
282 2827 438 2869 sacrarum
466 2810 641 2869 litterarum
671 2813 736 2871 erat
768 2810 899 2871 seientia
928 2810 1102 2872 institutus

154 2906 215 2981 Qui
241 2906 403 2967 uenientes
426 2908 461 2968 in
488 2908 683 2985 prouinciam
708 2909 909 2970 intrauerunt
932 2908 1105 2986 hospitium

153 3005 315 3067 cuiusdam
327 3006 419 3081 uilici,
432 3007 651 3085 petieruntque
661 3008 699 3069 ab
713 3028 758 3083 eo,
772 3012 808 3069 ut
818 3008 1107 3069 transmitterentur

152 3105 192 3165 ad
215 3108 379 3183 satrapam,
403 3106 457 3183 qui
479 3126 668 3184 supereum
693 3110 766 3182 erat,
791 3127 827 3167 eo
849 3107 932 3184 quod
954 3107 1105 3168 haberent

152 3203 273 3282 aliquid
284 3204 302 3237 ¹¹
321 3204 485 3283 legationis
503 3208 534 3265 et
556 3224 664 3266 musae
684 3204 781 3281 utilis,
798 3206 881 3283 quod
901 3205 1049 3265 deberent
1065 3207 1104 3267 ad

152 3304 245 3364 illum
258 3304 401 3381 perferre.
440 3304 512 3365 Non
528 3304 615 3365 enim
624 3304 744 3365 habent
752 3323 858 3382 regem
869 3304 954 3363 idem
968 3304 1104 3381 Antiqui

152 3402 298 3477 Saxones,
316 3402 369 3463 sed
384 3408 521 3482 satrapas
536 3404 692 3481 plurimos
709 3423 784 3464 suae
800 3402 889 3481 genti
901 3404 1101 3480 praepositos,

152 3502 207 3580 qui
229 3501 394 3579 ingruente
414 3502 490 3563 belli
507 3504 638 3565 articulo
655 3503 789 3563 mittunt
805 3502 975 3579 aequaliter
992 3505 1100 3578 sortes,

183 3624 292 3677 ¹ui⁸e't·
305 3628 349 3687 Μ;
367 3629 551 3680 uihtbarhtc.
615 3627 751 3679 ’mittere
762 3630 892 3678 uirosom.
905 3627 936 3678 B.
1004 3628 1102 3678 ’uuil-

149 3706 316 3767 N3nilbrod
328 3706 358 3757 0.
403 3706 725 3769 ⁴·teriill.l1.;·ter<l.
770 3706 947 3757 'atomon
1000 3707 1098 3771 ‘ooep

148 3788 182 3840 1
195 3790 225 3840 Ο.
309 3786 499 3853 'namquelL
577 3789 720 3841 'heauald
731 3788 770 3842 0¹.
852 3790 1005 3851 'heauald
1018 3790 1101 3840 heau·

147 3868 899 3921 mldcmaaaaemnoamnaaanaueoonm.
974 3869 993 3897 ¹⁰
1010 3867 1101 3926 saecu

147 3948 264 3997 heausld
275 3946 313 3999 θ’.
381 3948 399 3977 ¹¹
416 3948 523 4010 aliquid
532 3964 579 3999 oea.
592 3948 627 3999 ll.
