2859 4334
128 272 190 320 cn.
203 266 298 333 xxa]
429 255 544 323 Gentis
566 255 770 342 duplorum.
1013 260 1073 324 185

127 429 197 504 fuit,
229 431 356 505 coempta
389 432 566 504 sectamur3
602 449 675 490 oum
709 430 814 506 ipsum
849 429 1076 508 sapientissime

128 529 245 589 uixisse
259 529 362 590 onrnis
375 528 514 590 mundus
525 529 669 590 nouerit’
703 530 750 589 At
760 529 931 590 Uilfridus:
948 530 1076 606 ‘Absit’

127 627 231 704 inquit
268 629 320 686 ‘ut
341 627 515 687 Iohannem
537 627 688 688 stultitiae
707 627 979 704 reprehendamus,
1002 649 1076 690 cum

127 727 205 786 scits
223 725 301 803 legis
315 725 467 786 Moesicae
485 725 571 785 iuxta
589 725 729 786 litteram
742 729 886 801 seruaret,
903 726 1076 788 iudaizante

128 824 230 884 adhuc
251 825 285 884 in
305 824 416 885 multis
436 823 571 899 ecclesia,
596 843 653 884 neo
677 824 783 885 subito
807 824 986 885 ualentibus
1009 846 1077 904 apo
1181 866 1186 881 ,

128 922 218 984 stolis
232 942 361 984 omnem
380 923 457 1002 legis
472 923 711 998 obseruantiam,
728 943 807 1001 quae
820 942 839 982 a
852 923 919 983 Deo
932 924 1077 986 instituta

129 1023 185 1097 est,
202 1022 344 1082 abdicare
359 1021 528 1098 (quomodo
545 1021 718 1096 simulacra,
735 1041 813 1098 quae
834 1042 853 1082 a
872 1023 1076 1085 daemonibus

128 1119 259 1181 inuenta
279 1123 362 1195 sunt,
379 1121 539 1198 repudiare
559 1141 676 1196 omnes,
694 1121 749 1198 qui
761 1119 801 1181 ad
819 1120 915 1181 fidem
929 1122 1072 1198 ueniunt,

128 1235 252 1277 necesse
273 1215 342 1293 est),
364 1217 509 1278 uidelicet
531 1237 571 1277 ne
592 1217 773 1278 scandalum
793 1217 931 1278 facerent
951 1220 1004 1295 eis,
1022 1220 1077 1297 qui

128 1315 212 1376 inter
238 1318 348 1392 gentes
375 1318 464 1377 erant
492 1315 625 1378 Iudaeis.
680 1316 767 1376 Hinc
793 1319 841 1377 est
867 1317 963 1392 enim,
993 1321 1076 1396 quod

32 1428 110 1482 cnsp
129 1413 246 1474 Paulus
256 1414 458 1474 Timotheum
472 1414 673 1490 circumcidit,
685 1415 768 1491 quod
781 1415 899 1476 hostias
912 1416 1076 1494 intemplo

32 1528 71 1570 ur
80 1531 110 1573 rs
128 1512 314 1588 immolauit,
326 1514 408 1590 quod
423 1533 495 1574 cum
505 1513 623 1590 Aquila
633 1516 664 1573 et
675 1513 819 1574 Priscilla
832 1518 925 1591 caput
935 1515 1075 1576 ehorinti

36 1627 94 1670 xviii.
128 1612 266 1672 totondit
277 1633 286 1688 ;
307 1613 346 1673 ad
367 1613 448 1672 nihil
469 1612 613 1673 uidelicet
636 1612 723 1688 utile,
747 1613 809 1672 nisi
832 1613 871 1674 ad
893 1615 1076 1676 scandalum

129 1709 296 1772 uitandum
317 1711 513 1772 Iudaeorum.
560 1710 665 1772 Hinc¹
684 1712 767 1787 quod
788 1711 890 1782 eidem
911 1712 1010 1773 Paulo
1031 1713 1077 1774 Ia·

32 1815 108 1862 nm
128 1808 223 1869 cobus
236 1809 302 1870 ait:
323 1812 342 1840 ‘⁴
352 1809 579 1884 Uides,'frater,
597 1811 674 1886 quot
694 1809 784 1869 milia
801 1810 924 1870 suntin
939 1811 1072 1886 Iudaeis,

128 1907 182 1983 qui
197 1907 397 1969 crediderunt
409 1930 417 1982 3
438 1910 470 1967 et
484 1927 594 1968 omnes
609 1907 645 1966 hi
659 1907 864 1968 aemulatores
877 1912 953 1969 sunt
967 1909 1074 1988 legis”

127 2004 193 2066 Nec
214 2009 322 2066 tamen
343 2005 436 2066 hodie
456 2006 642 2066 clarescente
660 2026 716 2084 per
735 2006 891 2067 mundum
912 2009 1075 2086 euangelio

127 2122 253 2164 necesse
267 2107 322 2180 est,
339 2105 438 2165 immo
452 2124 509 2165 nec
523 2105 646 2165 licitum
660 2105 806 2165 fidelibus
823 2105 874 2165 uel
887 2106 1072 2181 circumcidi,

125 2201 177 2262 uel
192 2203 312 2264 hostiae
326 2205 393 2264 Deo
406 2203 606 2264 uictimarum
620 2203 730 2262 offerre
742 2203 921 2265 carnalium.
964 2205 1076 2282 Itaque

125 2300 286 2362 Iohannes
310 2304 482 2363 secundum
505 2301 583 2380 legis
604 2301 862 2363 consuetudinem
883 2303 1004 2364 xlma
1025 2305 1076 2366 die

126 2401 247 2460 mensis
272 2400 369 2478 primi
392 2401 431 2462 ad
456 2419 617 2478 uesperam
640 2400 808 2477 incipiebat
835 2401 1076 2464 celebrationem

126 2497 199 2559 festi
216 2499 378 2576 paschalis,
395 2499 442 2559 nil
455 2519 575 2575 curans,
592 2503 701 2560 utrum
719 2499 796 2558 haec
809 2499 945 2574 sabbato,
962 2521 1003 2562 an
1016 2503 1077 2563 alis

32 2619 67 2658 ει
126 2595 268 2672 qualibet
302 2597 377 2658 feria
410 2599 596 2675 proueniret
658 2603 663 2676 Ι
680 2599 727 2659 At
756 2617 830 2658 uero
860 2600 973 2661 Petrus
1004 2621 1077 2662 cum

126 2693 246 2756 Romae
265 2697 462 2772 praedicaret,
480 2717 607 2771 memor,
625 2697 697 2774 quia
715 2697 872 2758 Dominus
891 2701 993 2775 prima
1012 2703 1077 2762 sab

124 2795 191 2857 bati
205 2798 375 2858 resurrexit
384 2817 403 2858 a
413 2799 554 2873 mortuis,
566 2817 600 2858 ac
610 2798 731 2858 mundo
744 2816 831 2874 spem
842 2802 1076 2861 resurrectionis

126 2895 270 2970 contulit,
283 2895 327 2954 ita
341 2897 453 2972 pascha
467 2896 644 2957 faciendum
658 2896 814 2956 intellexit
822 2895 841 2971 '‚
853 2900 889 2956 ut
903 2900 1075 2960 secundum

126 2995 386 3054 consuetudinem
397 3015 431 3056 ao
442 2998 602 3072 praecepta
615 2995 693 3072 legis
704 2994 848 3054 xl111⁸m
858 2996 968 3057 lunam
981 2998 1076 3074 primi

127 3093 254 3167 mensis,
275 3111 372 3170 aeque
392 3094 471 3156 sicut
493 3093 658 3168 Iohannes,
681 3093 833 3154 orientem
853 3096 893 3156 ad
914 3115 1075 3172 uesperam

126 3209 251 3268 semper
271 3197 460 3269 exspectaret
471 3215 479 3268 ;
507 3193 618 3254 etheo
639 3195 752 3268 exorto,
776 3193 804 3252 ei
825 3193 979 3254 dominica
999 3194 1072 3272 dies,

125 3309 205 3366 quae
218 3293 296 3350 tuno
310 3292 412 3368 prima
425 3292 544 3353 sabbati
558 3290 733 3366 uocabatur,
748 3294 814 3352 erat
827 3311 919 3352 mane
933 3296 1073 3371 uentura,

125 3389 159 3448 in
173 3389 244 3466 ipsa
257 3407 386 3465 uespera
399 3389 512 3468 pasche
526 3390 719 3450 dominicum
733 3389 886 3451 celebrare
899 3391 1072 3469 incipiebat,

125 3487 283 3564 quomodo
305 3489 338 3548 et
361 3507 419 3547 nos
442 3488 569 3548 omnee³
589 3487 682 3548 hodie
706 3488 806 3548 facere
828 3488 973 3550 solemus
1020 3491 1076 3551 Sin

125 3589 233 3647 autem
268 3586 422 3646 dominica
458 3607 522 3648 non
557 3588 699 3664 proximo
735 3607 828 3648 mane
862 3591 933 3664 post
966 3589 1076 3650 lunam

126 3684 282 3758 mnam,
299 3684 353 3744 sed
373 3685 465 3746 ΧἪὶι
482 3689 536 3746 aut
555 3685 668 3746 xv11⁰
685 3687 740 3746 aut
759 3685 820 3746 alia
840 3687 978 3763 qualibet
1000 3687 1076 3748 luna

126 3805 226 3864 usque
247 3785 286 3845 ad
308 3785 427 3845 XX1⁸¹¹¹
449 3789 530 3846 esset
550 3789 691 3860 uentura,
712 3785 909 3862 exspectabat
929 3786 1026 3861 eam⁴‚
1043 3790 1075 3847 et

125 3927 315 3980 'hmcoetla
359 3927 517 3990 ’degitll'¹
569 3929 792 3983 ’omnesomlh
851 3930 1075 3982 ‘eumM.N¹.C.
