2859 4334
138 193 318 308 cmxxvi]
445 231 561 300 Gentis
583 231 790 319 Anplorrun.
1047 235 1090 297 47

137 405 262 482 uiendo,
287 406 420 468 uerbum
442 407 533 480 uitae,
560 408 674 486 quibus
695 410 849 486 poterant,
874 406 1087 485 praedicando,

137 509 250 566 cuncta
260 506 355 566 huius
367 506 480 567 mundi
491 506 579 567 uelut
592 507 694 567 aliena
705 507 889 584 spernendo,
903 527 939 567 ea
952 509 1087 582 tantum,

137 624 217 682 quae
227 603 327 665 uictui
337 605 508 666 necessaria
518 605 711 680 uidebantur,
725 606 765 666 ab
776 605 830 679 eis,
842 625 921 683 quos
929 605 1087 680 docebant,

135 703 324 781 accipiendo,
338 705 512 764 secundum
523 724 566 778 ea,
581 724 660 781 quse
674 704 832 778 docebant,
848 705 908 782 ipsi
920 725 976 782 per
986 705 1093 765 omnia

136 803 284 878 uiuendo,
307 805 339 864 et
360 805 506 880 paratum
526 803 566 864 ad
590 802 774 880 patiendum
791 805 922 864 aduersa
941 823 1088 882 quaeque,

136 901 190 962 uel
219 901 315 962 etiam
343 901 543 962 moriendum
570 922 627 979 pro
659 921 701 977 ea,
734 922 829 979 quam
861 901 1088 980 praedicabant,

135 1000 271 1061 ueritate
285 1000 427 1060 animum
442 999 594 1062 habendo.
639 1001 721 1076 Quid
732 1003 845 1062 mora?
886 1001 1091 1061 erediderunt

136 1097 286 1162 nonnulli
306 1102 338 1158 et
359 1097 603 1175 baptizabantur,
621 1099 773 1159 mirantes
793 1097 1028 1176 simplicitatem
1046 1099 1091 1164 in.-

136 1199 281 1259 nocentis
293 1197 382 1272 uitae,
396 1217 431 1257 ac
445 1197 643 1258 dulcedinem
654 1197 811 1258 doctrinae
822 1214 929 1258 eorum
941 1199 1087 1260 caelestis.

135 1297 213 1358 Erat
227 1299 334 1358 autem
348 1317 443 1374 prope
456 1297 557 1374 ipsam
572 1295 732 1356 ciuitatem
746 1297 785 1356 ad
800 1297 951 1357 orientem
965 1297 1092 1357 ecclesia

137 1396 171 1456 in
185 1397 338 1456 honorem
356 1395 455 1456 sancti
469 1395 597 1456 Martini
611 1395 785 1472 antiquitus
798 1395 887 1470 fecta,
901 1395 977 1456 dum
990 1395 1091 1456 adhuc

136 1495 274 1556 Romani
296 1494 484 1556 Brittaniam
508 1493 689 1570 incolerent,
716 1494 751 1553 in
772 1513 833 1570 qua
856 1494 970 1570 regina,
996 1514 1091 1571 quam

135 1593 351 1656 Christianam
370 1593 467 1653 fuisse
486 1592 705 1669 praediximus,
729 1611 815 1652 orare
836 1595 1005 1653 consuerat.
1050 1592 1091 1652 In

134 1693 194 1754 hac
208 1711 282 1770 ergo
298 1690 400 1769 stipsi
413 1691 516 1769 primo
527 1691 702 1764 conuenire,
716 1691 856 1768 psallere,
870 1710 966 1767 orare,
981 1691 1091 1750 missas

134 1791 247 1866 facere,
264 1791 446 1868 praedicare,
464 1793 497 1850 et
515 1789 668 1868 baptizare
686 1793 875 1867 coeperunt;
897 1791 1002 1864 donec,
1021 1810 1092 1866 rege

136 1891 177 1951 sd
200 1889 298 1950 fidem
322 1909 480 1963 conuerso,
507 1889 658 1949 maiorem
679 1888 877 1966 praedicandi
898 1909 954 1965 per
975 1889 1088 1962 omnia,

135 1993 169 2050 et
188 1988 332 2048 ecclesias
346 1987 519 2048 fabricandi
533 1988 586 2049 uel
598 1986 794 2048 restaurandi
807 1986 967 2047 licentiam
980 1986 1092 2065 accipe·

134 2092 218 2148 rent.

174 2189 222 2248 At
237 2186 292 2246 ubi
305 2186 372 2262 ipse
391 2185 485 2245 etiam
504 2183 587 2244 inter
599 2183 677 2244 alios
690 2183 859 2245 delectatus
873 2185 939 2245 uita
951 2184 1089 2245 mundis·
1106 2201 1219 2256 saptiam
1229 2201 1257 2243 or

131 2287 217 2348 sima
232 2289 419 2360 sanctorum,
436 2285 468 2343 et
482 2283 643 2360 promissis
662 2301 771 2343 eorum
788 2283 991 2361 suauissimis,
1009 2303 1088 2360 quae
1106 2261 1244 2305 mmm·

132 2405 210 2446 uera
235 2403 303 2443 esse
323 2381 542 2443 miraculorum
568 2401 690 2459 quoque
713 2383 886 2444 multorum
911 2381 1089 2442 ostensione

131 2485 349 2557 firmauerant,
383 2481 511 2542 credens
539 2479 713 2558 baptizatus
743 2486 799 2556 est,
830 2501 956 2559 coepere
983 2480 1089 2558 plures

130 2579 270 2644 cotidie¹
295 2580 335 2641 ad
348 2580 541 2641 audiendum
564 2579 698 2640 uerbum
723 2581 887 2654 confluere,
911 2600 954 2654 ec,
980 2579 1089 2639 relicto

130 2679 323 2760 gentilitatis
351 2679 422 2754 ritu,
446 2677 562 2738 unitati
586 2698 620 2737 se
648 2681 774 2738 sanctae
800 2679 918 2740 Christi
946 2678 1089 2738 ecclesiae

130 2779 291 2842 credendo
315 2776 437 2838 sociare.
482 2777 622 2852 Quorum
651 2777 725 2838 fidei
749 2780 781 2838 et
805 2777 1022 2838 conuersioni¹
1046 2777 1090 2837 ita

129 2877 371 2957 congratulatus
392 2895 459 2936 esse
482 2895 536 2936 rex
560 2875 749 2952 perhibetur,
777 2879 814 2936 ut
834 2876 961 2936 nullum
982 2879 1090 2935 tamen

129 2979 259 3058 cogeret
269 2976 307 3036 ad
318 2973 594 3036 Christianismum
605 2995 614 3049 ς
635 2975 688 3034 sed
700 2976 920 3035 tantummodo
931 2975 1091 3034 credentes

129 3077 246 3140 artiori
270 3074 444 3144 dilectione,
471 3072 560 3150 quasi
582 3073 725 3134 concines
746 3073 806 3132 sibi
828 3073 917 3150 regni
938 3071 1086 3144 caelestis,

128 3175 382 3254 amplecteretur.
419 3171 576 3232 Didicerat
586 3171 672 3230 enim
686 3191 704 3231 a
717 3171 894 3233 doctoribus
904 3171 1091 3231 auctoribus-

129 3295 198 3354 que
218 3292 293 3333 suae
317 3270 430 3332 salutis
451 3269 616 3330 seruitium
638 3269 756 3331 Christi
777 3269 1001 3344 uoluntarium,
1026 3289 1091 3330 non

127 3373 316 3435 coacticium
332 3389 398 3430 esse
413 3367 530 3429 debere.
575 3368 640 3428 Nec
659 3368 791 3444 distulit,
809 3367 894 3446 quin'
906 3367 999 3427 etiam
1015 3367 1091 3445 ipsis

127 3469 314 3534 doctoribus
332 3467 398 3529 suis
419 3468 523 3528 locum
549 3467 630 3527 sedis
653 3487 762 3527 eorum
785 3466 896 3544 gradui
917 3486 1090 3544 congruum

127 3573 166 3632 in
185 3569 366 3630 Doruuerni
387 3565 553 3644 metropoli
575 3585 631 3626 sua
650 3567 788 3642 donaret,
815 3564 911 3626 simul
933 3569 965 3625 et
986 3585 1089 3624 neces-

124 3669 231 3732 sarias
246 3667 278 3728 in
295 3665 427 3726 diuersis
440 3665 599 3744 speciebus
612 3665 823 3743 possessiones
837 3664 1000 3726 conferret.

284 3813 291 3844 ¹
308 3817 358 3864 cot.
372 3817 470 3864 inserted
480 3817 547 3863 abore
557 3818 592 3862 tta
603 3816 649 3863 line
661 3817 687 3861 in
701 3813 735 3874 li,
745 3817 847 3873 perhaps
858 3816 887 3871 oy
900 3811 944 3861 Μ’.

472 3893 482 3924 ¹
501 3897 699 3946 conuersationi
711 3894 756 3945 tv.
