2859 4334
137 234 262 299 cmm]
439 226 556 294 (lentie
578 228 782 313 Arpinum.
1022 235 1089 298 289

32 420 61 449 nn
83 441 87 451 .
136 400 244 459 autem
258 400 443 460 miraculum
457 406 648 463 memoratus
664 403 760 464 abbae
773 424 838 464 nen
853 425 886 465 se
904 405 909 483 Ι
927 411 1088 483 praesente

136 496 264 571 factum,
281 500 334 559 sed
354 499 467 574 abhis,
486 501 539 577 qui
559 505 738 578 praesentes
754 504 848 580 fuere,
866 504 927 565 eibi
945 507 1088 583 perhibet

136 616 204 657 esee
218 597 361 659 relatum.

526 828 616 891 CAP.
640 830 697 893 VI.

187 1006 215 1053 Ut
226 1005 332 1051 donnum
343 1018 414 1052 suum
425 1008 526 1053 cadendo
536 1010 667 1067 metitum,
680 1022 752 1065 cepae
762 1011 850 1057 mede
859 1024 887 1057 cc
898 1012 1045 1059 benedicende

487 1100 503 1131 a
514 1089 583 1133 mene
593 1088 744 1135 mandauerit.

178 1234 292 1307 Neque
315 1235 374 1297 hoc
398 1237 658 1314 praetereundum
680 1236 814 1313 silentio,
841 1238 924 1315 quod
952 1236 1090 1298 famulus

136 1334 256 1396 Christi
271 1334 423 1394 Heribald
435 1333 443 1364 ¹
459 1336 493 1395 in
513 1355 546 1395 se
560 1336 627 1412 ipso
641 1336 680 1396 ab
694 1356 731 1396 ec
745 1337 863 1397 factum
873 1336 951 1397 solet
965 1356 1090 1397 narrare

137 1432 333 1509 miraculum,
348 1432 401 1510 qui
415 1436 491 1494 tunc
502 1434 629 1511 quidem
640 1435 674 1495 in
685 1434 767 1494 clero
778 1435 865 1495 illiue
875 1437 1085 1510 conuersatue,

137 1552 223 1592 nunc
237 1532 433 1608 monasterio,
452 1534 534 1611 quod
552 1536 598 1593 est
612 1533 699 1594 iuxta
716 1534 833 1593 ostium
850 1534 923 1594 'lini
937 1534 1086 1607 fluminis,

137 1630 259 1691 abbatie
273 1630 340 1690 iure
351 1634 481 1708 praeest.
519 1632 665 1708 ‘Uitam’
675 1632 789 1709 inquit,
810 1632 920 1708 ‘illiua
935 1636 1089 1710 quantum

136 1728 322 1790 hominibus
345 1730 508 1790 aestimare
529 1730 575 1791 fas
598 1735 652 1806 eet,
680 1730 784 1808 qucd¹
806 1751 953 1808 praesens
972 1731 1090 1808 optime

137 1828 279 1905 cognoui,
296 1848 352 1905 per
365 1828 471 1888 omnia
484 1829 627 1906 episcopo
642 1828 770 1907 dignam
784 1849 851 1889 eeae
861 1830 993 1906 conperi.
1028 1830 1089 1889 Sed

137 1929 170 1987 et
190 1926 280 1986 cuiue
299 1926 406 1987 meriti
426 1928 508 2005 apud
529 1926 690 1988 internum
711 1931 826 1989 testem
846 1928 973 1988 habitus
991 1928 1041 2003 eit,
1059 1932 1090 1987 et

137 2024 172 2084 in
191 2024 302 2085 multis
320 2024 397 2101 aliis,
420 2028 450 2085 et
470 2024 503 2085 in
523 2046 575 2086 me
596 2026 663 2104 ipso
681 2026 818 2087 maxime
837 2028 982 2104 expertus
998 2046 1090 2101 sum;

139 2124 255 2201 quippe
279 2124 391 2200 quem³
419 2124 458 2184 ab
482 2124 558 2202 ipeo,
585 2127 620 2185 ut
644 2125 688 2185 ita
713 2125 822 2201 dicam,
850 2125 960 2185 mortis
987 2125 1091 2186 limite

138 2242 296 2297 reuocans,
321 2222 359 2282 ad
374 2223 460 2283 uiam
479 2223 562 2283 uitae
583 2242 639 2283 eua
660 2224 800 2283 oratione
820 2243 855 2283 ac
875 2222 1091 2283 benedictione

138 2321 273 2382 reduxit.
312 2320 393 2381 Nam
403 2342 474 2381 cum
484 2322 645 2399 primaeuo
660 2322 887 2383 adulescentiae
902 2326 1042 2400 tempore
1056 2322 1090 2381 in

138 2420 222 2481 clero
233 2420 320 2480 illiue
331 2420 482 2497 degerem,
497 2421 621 2497 legendi
629 2421 757 2497 quidem
769 2423 962 2498 canendique
976 2420 1090 2482 studiis

138 2518 282 2593 traditus,
311 2520 364 2579 sed
386 2538 451 2578 non
469 2520 570 2579 adhuc
591 2520 733 2579 animum
755 2520 889 2598 perfecte
911 2541 930 2580 a
950 2520 1093 2601 iuuenili·

138 2620 218 2679 bue⁴
233 2618 382 2678 cohibens
400 2617 573 2693 inlecebris,
591 2618 723 2696 contigit
740 2618 791 2679 die
809 2619 941 2697 quadam
961 2639 1019 2679 nce
1033 2618 1094 2679 iter

137 2720 267 2795 agentes
280 2737 352 2776 cum
366 2716 421 2775 illo
436 2716 598 2777 deuenisse
612 2716 645 2777 in
660 2718 745 2777 uiam
758 2718 885 2796 planam
899 2722 931 2778 et
943 2718 1090 2795 amplam,

137 2820 307 2894 aptamque
321 2814 424 2875 cursui
443 2836 615 2893 equorum;
637 2820 865 2895 coeperuntque
880 2816 1018 2893 iuuenes,
1037 2816 1091 2892 qui

137 2936 213 2977 cum
230 2914 297 2992 ipsc
314 2918 409 2989 erant,
427 2915 562 2975 maxime
579 2914 658 2991 laici,
677 2915 834 2992 postulare
852 2915 1040 2993 episcopum,
1058 2917 1094 2975 ut

137 3034 233 3075 cursu
250 3012 366 3073 maiore
385 3034 481 3090 equos
497 3034 570 3073 euos
587 3014 725 3073 inuicem
746 3013 873 3090 pmbare
890 3014 1003 3074 liceret.
1048 3015 1093 3075 At

137 3114 195 3175 ille
209 3114 311 3191 primo
330 3112 464 3191 negauit,
482 3112 617 3173 otiosum
636 3113 742 3172 dicens
755 3132 830 3184 esee,
847 3113 930 3189 qued
945 3112 1093 3174 desidera·

136 3214 238 3287 bant;
260 3210 313 3271 sed
333 3212 371 3272 ad
392 3210 541 3271 ultimum
561 3210 733 3271 multorum
751 3211 902 3271 unanima
918 3210 1093 3271 intentione

137 3311 307 3373 deuictus:
338 3311 357 3340 ‘²
369 3310 502 3385 Facite,”
516 3309 628 3388 inquit,
650 3310 707 3369 “ei
729 3309 835 3384 uultis,
859 3308 904 3369 ita
924 3312 1039 3383 tamen,
1058 3316 1093 3369 ut

136 3408 321 3473 Herebald⁶
342 3408 381 3469 ab
409 3408 464 3468 illo
492 3428 525 3468 ee
553 3408 721 3468 certamine
742 3406 885 3468 funditus
908 3407 1094 3468 abstineat”

135 3510 244 3571 Porro
263 3508 328 3585 ipse
349 3505 532 3583 diligentius
552 3506 722 3582 obsecrans,
746 3507 783 3565 ut
801 3507 833 3565 et
853 3505 935 3566 mihi
955 3506 1093 3567 certandi

135 3628 217 3669 cum
237 3606 301 3667 illie
320 3606 407 3683 copia
420 3606 553 3681 daretur,
573 3604 722 3683 (fidebam
740 3624 876 3682 namque
893 3625 981 3683 equo,
998 3625 1092 3682 quern

174 3804 181 3838 ¹
202 3806 279 3855 here-
290 3804 317 3853 O.
332 3802 372 3853 Νι.
387 3803 416 3853 Β.
533 3800 543 3829 ¹
559 3802 623 3864 quia
635 3804 663 3853 0.
781 3802 791 3830 ³
808 3816 888 3865 quem
899 3804 998 3866 quippe
1010 3803 1038 3854 C.
1051 3800 1092 3854 B’.

130 3886 142 3917 ⁴
166 3883 314 3935 iuuenibue
326 3882 370 3943 M;
387 3880 507 3931 iuuenal·
520 3881 547 3931 C.
556 3880 608 3931 W'.
623 3881 656 3931 D.
667 3880 711 3931 lac.
794 3879 804 3908 ³
821 3881 892 3929 heri·
903 3880 944 3932 ΝΕ

608 3980 630 4022 U
