<?xml version="1.0" encoding="UTF-8"?>
<!DOCTYPE html PUBLIC "-//W3C//DTD XHTML 1.0 Transitional//EN"
    "http://www.w3.org/TR/xhtml1/DTD/xhtml1-transitional.dtd">
<html xmlns="http://www.w3.org/1999/xhtml" xml:lang="en" lang="en">
 <head>
  <title>
</title>
<meta http-equiv="Content-Type" content="text/html;charset=utf-8" />
  <meta name='ocr-system' content='tesseract 3.04.00' />
  <meta name='ocr-capabilities' content='ocr_page ocr_carea ocr_par ocr_line ocrx_word'/>
</head>
<body>
  <div class='ocr_page' id='page_1' title='image "./venerabilisbaed03plumgoog_0609.png"; bbox 0 0 2859 4334; ppageno 0'>
   <div class='ocr_carea' id='block_1_1' title="bbox 409 212 1108 301">
    <p class='ocr_par' dir='ltr' id='par_1_1' title="bbox 409 212 1108 301">
     <span class='ocr_line' id='line_1_1' title="bbox 409 212 1108 301; baseline 0.003 -23"><span class='ocrx_word' id='word_1_1' title='bbox 409 212 611 300; x_wconf 76' lang='lat' dir='ltr'><strong>Ecpbertwm</strong></span> <span class='ocrx_word' id='word_1_2' title='bbox 632 213 851 301; x_wconf 70' lang='lat' dir='ltr'><em>Episcopum.</em></span> <span class='ocrx_word' id='word_1_3' title='bbox 1042 215 1108 280; x_wconf 80' lang='lat'><strong>41⁷</strong></span> 
     </span>
    </p>
   </div>
   <div class='ocr_carea' id='block_1_2' title="bbox 9 386 1256 3619">
    <p class='ocr_par' dir='ltr' id='par_1_2' title="bbox 155 386 1107 469">
     <span class='ocr_line' id='line_1_2' title="bbox 155 386 1107 469; baseline 0.001 -20"><span class='ocrx_word' id='word_1_4' title='bbox 155 386 329 465; x_wconf 76' lang='lat' dir='ltr'><strong>probantur</strong></span> <span class='ocrx_word' id='word_1_5' title='bbox 350 386 463 449; x_wconf 79' lang='lat' dir='ltr'><strong>habere</strong></span> <span class='ocrx_word' id='word_1_6' title='bbox 484 408 542 449; x_wconf 91' lang='lat' dir='ltr'><strong>nec</strong></span> <span class='ocrx_word' id='word_1_7' title='bbox 565 388 715 465; x_wconf 78' lang='lat' dir='ltr'><strong>studium,</strong></span> <span class='ocrx_word' id='word_1_8' title='bbox 740 389 817 467; x_wconf 87' lang='lat' dir='ltr'><strong>quid</strong></span> <span class='ocrx_word' id='word_1_9' title='bbox 837 388 889 450; x_wconf 90' lang='lat' dir='ltr'><strong>his</strong></span> <span class='ocrx_word' id='word_1_10' title='bbox 909 387 993 450; x_wconf 92' lang='lat' dir='ltr'><strong>aliud</strong></span> <span class='ocrx_word' id='word_1_11' title='bbox 1013 408 1107 469; x_wconf 84' lang='lat' dir='ltr'><strong>quam</strong></span> 
     </span>
    </p>

    <p class='ocr_par' dir='ltr' id='par_1_3' title="bbox 10 486 1107 564">
     <span class='ocr_line' id='line_1_3' title="bbox 10 486 1107 564; baseline 0.005 -21"><span class='ocrx_word' id='word_1_12' title='bbox 10 498 101 544; x_wconf 72' lang='lat' dir='ltr'><strong>neren.</strong></span> <span class='ocrx_word' id='word_1_13' title='bbox 156 486 963 564; x_wconf 63' lang='lat' dir='ltr'><strong>euangelicsconuenitmaledictioillaquadicitur:</strong></span> <span class='ocrx_word' id='word_1_14' title='bbox 980 487 1107 548; x_wconf 78' lang='lat' dir='ltr'><strong>‘Caecus</strong></span> 
     </span>
    </p>

    <p class='ocr_par' dir='ltr' id='par_1_4' title="bbox 10 572 1106 663">
     <span class='ocr_line' id='line_1_4' title="bbox 10 572 1106 663; baseline 0.002 -19"><span class='ocrx_word' id='word_1_15' title='bbox 10 572 111 663; x_wconf 55' lang='grc' dir='ltr'><strong>ζῖᾖζζ</strong></span> <span class='ocrx_word' id='word_1_16' title='bbox 156 585 185 645; x_wconf 90' lang='lat' dir='ltr'><strong>si</strong></span> <span class='ocrx_word' id='word_1_17' title='bbox 200 604 288 645; x_wconf 83' lang='lat' dir='ltr'><strong>cneco</strong></span> <span class='ocrx_word' id='word_1_18' title='bbox 306 586 454 647; x_wconf 89' lang='lat' dir='ltr'><strong>ducatum</strong></span> <span class='ocrx_word' id='word_1_19' title='bbox 475 587 618 663; x_wconf 85' lang='lat' dir='ltr'><strong>praestet,</strong></span> <span class='ocrx_word' id='word_1_20' title='bbox 636 585 728 646; x_wconf 91' lang='lat' dir='ltr'><strong>ambo</strong></span> <span class='ocrx_word' id='word_1_21' title='bbox 748 585 783 646; x_wconf 91' lang='lat' dir='ltr'><strong>in</strong></span> <span class='ocrx_word' id='word_1_22' title='bbox 803 585 927 646; x_wconf 76' lang='lat' dir='ltr'><strong>foueam</strong></span> <span class='ocrx_word' id='word_1_23' title='bbox 947 585 1106 646; x_wconf 75' lang='lat' dir='ltr'><strong>caduntl’</strong></span> 
     </span>
    </p>

    <p class='ocr_par' dir='ltr' id='par_1_5' title="bbox 10 677 1108 1729">
     <span class='ocr_line' id='line_1_5' title="bbox 10 677 1108 761; baseline 0.001 -18"><span class='ocrx_word' id='word_1_24' title='bbox 10 677 34 723; x_wconf 60' lang='grc' dir='ltr'><strong>’ἱ</strong></span> <span class='ocrx_word' id='word_1_25' title='bbox 46 692 82 735; x_wconf 66' lang='lat'><strong>³⁹</strong></span> <span class='ocrx_word' id='word_1_26' title='bbox 158 682 243 757; x_wconf 76' lang='lat' dir='ltr'><strong>Quae</strong></span> <span class='ocrx_word' id='word_1_27' title='bbox 263 682 416 742; x_wconf 89' lang='lat' dir='ltr'><strong>nimirum</strong></span> <span class='ocrx_word' id='word_1_28' title='bbox 435 681 564 742; x_wconf 86' lang='lat' dir='ltr'><strong>caecitas</strong></span> <span class='ocrx_word' id='word_1_29' title='bbox 579 685 685 761; x_wconf 84' lang='lat' dir='ltr'><strong>posset</strong></span> <span class='ocrx_word' id='word_1_30' title='bbox 702 681 871 759; x_wconf 88' lang='lat' dir='ltr'><strong>aliquando</strong></span> <span class='ocrx_word' id='word_1_31' title='bbox 886 682 1055 759; x_wconf 84' lang='lat' dir='ltr'><strong>terminari,</strong></span> <span class='ocrx_word' id='word_1_32' title='bbox 1072 703 1108 743; x_wconf 87' lang='lat' dir='ltr'><strong>nc</strong></span> 
     </span>
     <span class='ocr_line' id='line_1_6' title="bbox 156 778 1108 857; baseline 0.002 -18"><span class='ocrx_word' id='word_1_33' title='bbox 156 778 291 857; x_wconf 69' lang='lat' dir='ltr'><strong>reginari</strong></span> <span class='ocrx_word' id='word_1_34' title='bbox 306 778 470 857; x_wconf 86' lang='lat' dir='ltr'><strong>disciplina</strong></span> <span class='ocrx_word' id='word_1_35' title='bbox 483 779 630 855; x_wconf 79' lang='lat' dir='ltr'><strong>cohiberi,</strong></span> <span class='ocrx_word' id='word_1_36' title='bbox 647 782 679 839; x_wconf 89' lang='lat' dir='ltr'><strong>et</strong></span> <span class='ocrx_word' id='word_1_37' title='bbox 694 779 733 839; x_wconf 92' lang='lat' dir='ltr'><strong>de</strong></span> <span class='ocrx_word' id='word_1_38' title='bbox 747 779 865 841; x_wconf 87' lang='lat' dir='ltr'><strong>finibus</strong></span> <span class='ocrx_word' id='word_1_39' title='bbox 878 784 1003 841; x_wconf 84' lang='lat' dir='ltr'><strong>sanctae</strong></span> <span class='ocrx_word' id='word_1_40' title='bbox 1015 779 1108 841; x_wconf 88' lang='lat' dir='ltr'><strong>eccle·</strong></span> 
     </span>
     <span class='ocr_line' id='line_1_7' title="bbox 154 876 1106 957; baseline 0.002 -18"><span class='ocrx_word' id='word_1_41' title='bbox 154 878 218 939; x_wconf 85' lang='lat' dir='ltr'><strong>siae</strong></span> <span class='ocrx_word' id='word_1_42' title='bbox 235 878 356 939; x_wconf 85' lang='lat' dir='ltr'><strong>cunctis</strong></span> <span class='ocrx_word' id='word_1_43' title='bbox 376 876 566 956; x_wconf 84' lang='lat' dir='ltr'><strong>pontifimli¹</strong></span> <span class='ocrx_word' id='word_1_44' title='bbox 581 897 617 938; x_wconf 88' lang='lat' dir='ltr'><strong>ac</strong></span> <span class='ocrx_word' id='word_1_45' title='bbox 634 878 783 956; x_wconf 83' lang='lat' dir='ltr'><strong>synodica</strong></span> <span class='ocrx_word' id='word_1_46' title='bbox 796 878 981 938; x_wconf 86' lang='lat' dir='ltr'><strong>auctoritate</strong></span> <span class='ocrx_word' id='word_1_47' title='bbox 997 878 1106 957; x_wconf 90' lang='lat' dir='ltr'><strong>procul</strong></span> 
     </span>
     <span class='ocr_line' id='line_1_8' title="bbox 154 974 1107 1055; baseline 0.001 -18"><span class='ocrx_word' id='word_1_48' title='bbox 154 975 276 1055; x_wconf 77' lang='lat' dir='ltr'>expelli,</span> <span class='ocrx_word' id='word_1_49' title='bbox 292 976 321 1037; x_wconf 86' lang='lat' dir='ltr'><strong>ei</strong></span> <span class='ocrx_word' id='word_1_50' title='bbox 339 996 405 1036; x_wconf 90' lang='lat' dir='ltr'><strong>non</strong></span> <span class='ocrx_word' id='word_1_51' title='bbox 421 974 483 1053; x_wconf 86' lang='lat' dir='ltr'><strong>ipsi</strong></span> <span class='ocrx_word' id='word_1_52' title='bbox 500 976 664 1054; x_wconf 83' lang='lat' dir='ltr'><strong>pontifices</strong></span> <span class='ocrx_word' id='word_1_53' title='bbox 682 977 783 1054; x_wconf 80' lang='lat' dir='ltr'><strong>magis</strong></span> <span class='ocrx_word' id='word_1_54' title='bbox 800 976 981 1037; x_wconf 89' lang='lat' dir='ltr'><strong>huiusmodi</strong></span> <span class='ocrx_word' id='word_1_55' title='bbox 991 974 1003 1007; x_wconf 84' lang='lat'><strong>¹</strong></span> <span class='ocrx_word' id='word_1_56' title='bbox 1015 976 1107 1039; x_wconf 82' lang='lat' dir='ltr'><strong>scele-</strong></span> 
     </span>
     <span class='ocr_line' id='line_1_9' title="bbox 155 1074 1106 1154; baseline 0.001 -19"><span class='ocrx_word' id='word_1_57' title='bbox 155 1075 242 1135; x_wconf 86' lang='lat' dir='ltr'>ribus</span> <span class='ocrx_word' id='word_1_58' title='bbox 268 1094 361 1152; x_wconf 92' lang='lat' dir='ltr'><strong>opem</strong></span> <span class='ocrx_word' id='word_1_59' title='bbox 385 1074 466 1135; x_wconf 83' lang='lat' dir='ltr'><strong>ferre</strong></span> <span class='ocrx_word' id='word_1_60' title='bbox 492 1078 586 1153; x_wconf 85' lang='lat' dir='ltr'><strong>atque</strong></span> <span class='ocrx_word' id='word_1_61' title='bbox 609 1075 773 1153; x_wconf 75' lang='lat' dir='ltr'><strong>astipulari</strong></span> <span class='ocrx_word' id='word_1_62' title='bbox 799 1074 1022 1154; x_wconf 86' lang='lat' dir='ltr'><strong>probarentur;</strong></span> <span class='ocrx_word' id='word_1_63' title='bbox 1052 1076 1106 1153; x_wconf 91' lang='lat' dir='ltr'><strong>qui</strong></span> 
     </span>
     <span class='ocr_line' id='line_1_10' title="bbox 155 1172 1108 1236; baseline 0.002 -2"><span class='ocrx_word' id='word_1_64' title='bbox 155 1192 220 1234; x_wconf 89' lang='lat' dir='ltr'><strong>non</strong></span> <span class='ocrx_word' id='word_1_65' title='bbox 242 1173 439 1235; x_wconf 73' lang='lat' dir='ltr'><strong>solummodo</strong></span> <span class='ocrx_word' id='word_1_66' title='bbox 459 1172 642 1234; x_wconf 89' lang='lat' dir='ltr'><strong>huiusmodi</strong></span> <span class='ocrx_word' id='word_1_67' title='bbox 662 1173 786 1235; x_wconf 76' lang='lat' dir='ltr'><strong>decreta</strong></span> <span class='ocrx_word' id='word_1_68' title='bbox 805 1173 943 1235; x_wconf 80' lang='lat' dir='ltr'><strong>iniusta³</strong></span> <span class='ocrx_word' id='word_1_69' title='bbox 957 1174 1049 1236; x_wconf 84' lang='lat' dir='ltr'><strong>iustis</strong></span> <span class='ocrx_word' id='word_1_70' title='bbox 1062 1175 1108 1236; x_wconf 91' lang='lat' dir='ltr'><strong>in·</strong></span> 
     </span>
     <span class='ocr_line' id='line_1_11' title="bbox 155 1271 1107 1351; baseline 0.002 -18"><span class='ocrx_word' id='word_1_71' title='bbox 155 1271 291 1349; x_wconf 74' lang='lat' dir='ltr'><strong>fringens</strong></span> <span class='ocrx_word' id='word_1_72' title='bbox 311 1271 443 1333; x_wconf 87' lang='lat' dir='ltr'><strong>decretis</strong></span> <span class='ocrx_word' id='word_1_73' title='bbox 463 1292 528 1333; x_wconf 90' lang='lat' dir='ltr'><strong>non</strong></span> <span class='ocrx_word' id='word_1_74' title='bbox 550 1274 668 1347; x_wconf 86' lang='lat' dir='ltr'><strong>curant,</strong></span> <span class='ocrx_word' id='word_1_75' title='bbox 694 1291 806 1332; x_wconf 88' lang='lat' dir='ltr'><strong>uerum</strong></span> <span class='ocrx_word' id='word_1_76' title='bbox 827 1272 893 1333; x_wconf 85' lang='lat' dir='ltr'><strong>suis</strong></span> <span class='ocrx_word' id='word_1_77' title='bbox 913 1273 1018 1351; x_wconf 82' lang='lat' dir='ltr'><strong>potius</strong></span> <span class='ocrx_word' id='word_1_78' title='bbox 1038 1274 1107 1335; x_wconf 87' lang='lat' dir='ltr'><strong>sub·</strong></span> 
     </span>
     <span class='ocr_line' id='line_1_12' title="bbox 154 1369 1107 1451; baseline 0 -18"><span class='ocrx_word' id='word_1_79' title='bbox 154 1369 398 1449; x_wconf 60' lang='lat' dir='ltr'><strong>scriptionibus,</strong></span> <span class='ocrx_word' id='word_1_80' title='bbox 416 1372 453 1431; x_wconf 92' lang='lat' dir='ltr'><strong>ut</strong></span> <span class='ocrx_word' id='word_1_81' title='bbox 464 1370 595 1448; x_wconf 84' lang='lat' dir='ltr'><strong>praefati</strong></span> <span class='ocrx_word' id='word_1_82' title='bbox 609 1390 728 1446; x_wconf 87' lang='lat' dir='ltr'><strong>sumus,</strong></span> <span class='ocrx_word' id='word_1_83' title='bbox 744 1371 928 1432; x_wconf 76' lang='lat' dir='ltr'><strong>confirmare</strong></span> <span class='ocrx_word' id='word_1_84' title='bbox 941 1375 1107 1451; x_wconf 72' lang='lat' dir='ltr'><strong>satagrmt3</strong></span> 
     </span>
     <span class='ocr_line' id='line_1_13' title="bbox 154 1468 1107 1547; baseline 0.001 -16"><span class='ocrx_word' id='word_1_85' title='bbox 154 1470 263 1531; x_wconf 82' lang='lat' dir='ltr'><strong>eedem</strong></span> <span class='ocrx_word' id='word_1_86' title='bbox 280 1468 342 1547; x_wconf 87' lang='lat' dir='ltr'><strong>ipsi</strong></span> <span class='ocrx_word' id='word_1_87' title='bbox 355 1468 512 1547; x_wconf 81' lang='lat' dir='ltr'><strong>filargyria</strong></span> <span class='ocrx_word' id='word_1_88' title='bbox 532 1468 677 1545; x_wconf 77' lang='lat' dir='ltr'>dictante,</span> <span class='ocrx_word' id='word_1_89' title='bbox 693 1470 734 1529; x_wconf 92' lang='lat' dir='ltr'><strong>ad</strong></span> <span class='ocrx_word' id='word_1_90' title='bbox 755 1470 1005 1531; x_wconf 80' lang='lat' dir='ltr'><strong>confirmandum</strong></span> <span class='ocrx_word' id='word_1_91' title='bbox 1025 1472 1107 1533; x_wconf 88' lang='lat' dir='ltr'><strong>male</strong></span> 
     </span>
     <span class='ocr_line' id='line_1_14' title="bbox 155 1560 1108 1647; baseline 0.005 -20"><span class='ocrx_word' id='word_1_92' title='bbox 155 1568 278 1647; x_wconf 71' lang='lat' dir='ltr'><strong>scripta,</strong></span> <span class='ocrx_word' id='word_1_93' title='bbox 309 1560 572 1645; x_wconf 74' lang='lat' dir='ltr'><strong>qua³&#39;empt0r0s</strong></span> <span class='ocrx_word' id='word_1_94' title='bbox 597 1567 637 1629; x_wconf 88' lang='lat' dir='ltr'><strong>ad</strong></span> <span class='ocrx_word' id='word_1_95' title='bbox 660 1569 905 1647; x_wconf 74' lang='lat' dir='ltr'><strong>comperandum</strong></span> <span class='ocrx_word' id='word_1_96' title='bbox 926 1569 1108 1632; x_wconf 85' lang='lat' dir='ltr'><strong>huiusmodi</strong></span> 
     </span>
     <span class='ocr_line' id='line_1_15' title="bbox 154 1664 485 1729; baseline -0.003 0"><span class='ocrx_word' id='word_1_97' title='bbox 154 1664 366 1729; x_wconf 73' lang='lat' dir='ltr'><strong>monesteria⁶</strong></span> <span class='ocrx_word' id='word_1_98' title='bbox 380 1668 485 1729; x_wconf 87' lang='lat' dir='ltr'><strong>coacti.</strong></span> 
     </span>
    </p>

    <p class='ocr_par' dir='ltr' id='par_1_6' title="bbox 155 1764 1109 2533">
     <span class='ocr_line' id='line_1_16' title="bbox 196 1764 1108 1846; baseline 0.001 -19"><span class='ocrx_word' id='word_1_99' title='bbox 196 1766 297 1827; x_wconf 82' lang='lat' dir='ltr'><strong>Multa</strong></span> <span class='ocrx_word' id='word_1_100' title='bbox 310 1767 438 1846; x_wconf 86' lang='lat' dir='ltr'><strong>quidem</strong></span> <span class='ocrx_word' id='word_1_101' title='bbox 452 1765 554 1827; x_wconf 89' lang='lat' dir='ltr'><strong>adhuc</strong></span> <span class='ocrx_word' id='word_1_102' title='bbox 567 1764 628 1827; x_wconf 89' lang='lat' dir='ltr'><strong>tibi</strong></span> <span class='ocrx_word' id='word_1_103' title='bbox 641 1786 765 1844; x_wconf 88' lang='lat' dir='ltr'><strong>possem</strong></span> <span class='ocrx_word' id='word_1_104' title='bbox 776 1766 815 1827; x_wconf 90' lang='lat' dir='ltr'><strong>de</strong></span> <span class='ocrx_word' id='word_1_105' title='bbox 824 1766 876 1827; x_wconf 88' lang='lat' dir='ltr'><strong>his</strong></span> <span class='ocrx_word' id='word_1_106' title='bbox 885 1770 917 1828; x_wconf 89' lang='lat' dir='ltr'><strong>et</strong></span> <span class='ocrx_word' id='word_1_107' title='bbox 925 1766 1108 1829; x_wconf 86' lang='lat' dir='ltr'><strong>huiusmodi</strong></span> 
     </span>
     <span class='ocr_line' id='line_1_17' title="bbox 155 1863 1108 1943; baseline 0.002 -18"><span class='ocrx_word' id='word_1_108' title='bbox 155 1864 490 1943; x_wconf 76' lang='lat' dir='ltr'><strong>pmsusrirntionibue&#39;</strong></span> <span class='ocrx_word' id='word_1_109' title='bbox 505 1863 619 1942; x_wconf 88' lang='lat' dir='ltr'><strong>quibus</strong></span> <span class='ocrx_word' id='word_1_110' title='bbox 637 1867 747 1925; x_wconf 88' lang='lat' dir='ltr'><strong>nostra</strong></span> <span class='ocrx_word' id='word_1_111' title='bbox 758 1866 921 1942; x_wconf 87' lang='lat' dir='ltr'><strong>prouincia</strong></span> <span class='ocrx_word' id='word_1_112' title='bbox 932 1866 1108 1927; x_wconf 90' lang='lat' dir='ltr'><strong>miserrime</strong></span> 
     </span>
     <span class='ocr_line' id='line_1_18' title="bbox 157 1961 1107 2041; baseline 0.001 -18"><span class='ocrx_word' id='word_1_113' title='bbox 157 1968 295 2039; x_wconf 73' lang='lat' dir='ltr'><strong>uexatur,</strong></span> <span class='ocrx_word' id='word_1_114' title='bbox 313 1963 364 2025; x_wconf 88' lang='lat' dir='ltr'><strong>his</strong></span> <span class='ocrx_word' id='word_1_115' title='bbox 384 1962 532 2024; x_wconf 79' lang='lat' dir='ltr'><strong>intimare</strong></span> <span class='ocrx_word' id='word_1_116' title='bbox 552 1961 674 2037; x_wconf 81' lang='lat' dir='ltr'><strong>litteris,</strong></span> <span class='ocrx_word' id='word_1_117' title='bbox 691 1962 720 2023; x_wconf 89' lang='lat' dir='ltr'><strong>ei</strong></span> <span class='ocrx_word' id='word_1_118' title='bbox 739 1982 805 2023; x_wconf 89' lang='lat' dir='ltr'><strong>non</strong></span> <span class='ocrx_word' id='word_1_119' title='bbox 824 1962 961 2041; x_wconf 78' lang='lat' dir='ltr'><strong>teipsum</strong></span> <span class='ocrx_word' id='word_1_120' title='bbox 982 1983 1107 2024; x_wconf 86' lang='lat' dir='ltr'><strong>nossem</strong></span> 
     </span>
     <span class='ocr_line' id='line_1_19' title="bbox 158 2060 1107 2141; baseline 0.001 -20"><span class='ocrx_word' id='word_1_121' title='bbox 158 2060 232 2121; x_wconf 87' lang='lat' dir='ltr'><strong>haec</strong></span> <span class='ocrx_word' id='word_1_122' title='bbox 253 2062 363 2123; x_wconf 87' lang='lat' dir='ltr'><strong>eadem</strong></span> <span class='ocrx_word' id='word_1_123' title='bbox 384 2060 555 2123; x_wconf 79' lang='lat' dir='ltr'><strong>certissime</strong></span> <span class='ocrx_word' id='word_1_124' title='bbox 575 2061 766 2138; x_wconf 80' lang='lat' dir='ltr'><strong>cognouisse</strong></span> <span class='ocrx_word' id='word_1_125' title='bbox 811 2061 893 2123; x_wconf 84' lang='lat' dir='ltr'><strong>Nam</strong></span> <span class='ocrx_word' id='word_1_126' title='bbox 913 2082 1015 2141; x_wconf 89' lang='lat' dir='ltr'><strong>neque</strong></span> <span class='ocrx_word' id='word_1_127' title='bbox 1031 2062 1107 2122; x_wconf 88' lang='lat' dir='ltr'><strong>haec</strong></span> 
     </span>
     <span class='ocr_line' id='line_1_20' title="bbox 156 2158 1109 2238; baseline 0.002 -19"><span class='ocrx_word' id='word_1_128' title='bbox 156 2158 201 2221; x_wconf 78' lang='lat' dir='ltr'><strong>iu</strong></span> <span class='ocrx_word' id='word_1_129' title='bbox 217 2159 337 2237; x_wconf 78' lang='lat' dir='ltr'><strong>scripsi,</strong></span> <span class='ocrx_word' id='word_1_130' title='bbox 357 2158 445 2238; x_wconf 86' lang='lat' dir='ltr'><strong>qussi</strong></span> <span class='ocrx_word' id='word_1_131' title='bbox 464 2158 515 2219; x_wconf 81' lang='lat' dir='ltr'><strong>te·</strong></span> <span class='ocrx_word' id='word_1_132' title='bbox 536 2178 580 2233; x_wconf 87' lang='lat' dir='ltr'><strong>ee,</strong></span> <span class='ocrx_word' id='word_1_133' title='bbox 603 2178 681 2235; x_wconf 88' lang='lat' dir='ltr'><strong>quae</strong></span> <span class='ocrx_word' id='word_1_134' title='bbox 702 2159 813 2220; x_wconf 70' lang='lat' dir='ltr'><strong>antea·</strong></span> <span class='ocrx_word' id='word_1_135' title='bbox 837 2160 979 2235; x_wconf 77' lang='lat' dir='ltr'><strong>nescires,</strong></span> <span class='ocrx_word' id='word_1_136' title='bbox 1006 2180 1109 2221; x_wconf 83' lang='lat' dir='ltr'><strong>essem</strong></span> 
     </span>
     <span class='ocr_line' id='line_1_21' title="bbox 158 2256 1105 2335; baseline 0 -16"><span class='ocrx_word' id='word_1_137' title='bbox 158 2257 315 2335; x_wconf 77' lang='lat' dir='ltr'><strong>docturus,</strong></span> <span class='ocrx_word' id='word_1_138' title='bbox 332 2258 387 2319; x_wconf 88' lang='lat' dir='ltr'><strong>sed</strong></span> <span class='ocrx_word' id='word_1_139' title='bbox 406 2259 442 2318; x_wconf 92' lang='lat' dir='ltr'><strong>ut</strong></span> <span class='ocrx_word' id='word_1_140' title='bbox 458 2260 490 2317; x_wconf 93' lang='lat' dir='ltr'><strong>te</strong></span> <span class='ocrx_word' id='word_1_141' title='bbox 510 2256 609 2317; x_wconf 87' lang='lat' dir='ltr'><strong>amica</strong></span> <span class='ocrx_word' id='word_1_142' title='bbox 629 2257 844 2319; x_wconf 69' lang='lat' dir='ltr'><strong>exhortatione</strong></span> <span class='ocrx_word' id='word_1_143' title='bbox 865 2278 1105 2334; x_wconf 90' lang='lat' dir='ltr'><strong>commonerem,</strong></span> 
     </span>
     <span class='ocr_line' id='line_1_22' title="bbox 157 2356 1105 2435; baseline 0.001 -18"><span class='ocrx_word' id='word_1_144' title='bbox 157 2376 290 2435; x_wconf 82' lang='lat' dir='ltr'><strong>ecquae</strong></span> <span class='ocrx_word' id='word_1_145' title='bbox 311 2356 430 2434; x_wconf 90' lang='lat' dir='ltr'><strong>optime</strong></span> <span class='ocrx_word' id='word_1_146' title='bbox 449 2374 582 2416; x_wconf 80' lang='lat' dir='ltr'><strong>noceres</strong></span> <span class='ocrx_word' id='word_1_147' title='bbox 600 2358 706 2433; x_wconf 64' lang='lat' dir='ltr'><strong>errata</strong></span> <span class='ocrx_word' id='word_1_148' title='bbox 728 2356 881 2435; x_wconf 81' lang='lat' dir='ltr'><strong>diligenti,</strong></span> <span class='ocrx_word' id='word_1_149' title='bbox 897 2360 991 2435; x_wconf 88' lang='lat' dir='ltr'><strong>prout</strong></span> <span class='ocrx_word' id='word_1_150' title='bbox 1011 2357 1105 2432; x_wconf 80' lang='lat' dir='ltr'><strong>ucles,</strong></span> 
     </span>
     <span class='ocr_line' id='line_1_23' title="bbox 155 2454 477 2533; baseline 0 -18"><span class='ocrx_word' id='word_1_151' title='bbox 155 2454 307 2515; x_wconf 82' lang='lat' dir='ltr'><strong>instantia</strong></span> <span class='ocrx_word' id='word_1_152' title='bbox 319 2454 477 2533; x_wconf 78' lang='lat' dir='ltr'><strong>corrigere</strong></span> 
     </span>
    </p>

    <p class='ocr_par' dir='ltr' id='par_1_7' title="bbox 200 2550 1254 2633">
     <span class='ocr_line' id='line_1_24' title="bbox 200 2550 1254 2633; baseline 0 -20"><span class='ocrx_word' id='word_1_153' title='bbox 200 2572 246 2627; x_wconf 81' lang='lat'><strong>14.</strong></span> <span class='ocrx_word' id='word_1_154' title='bbox 270 2553 314 2615; x_wconf 86' lang='lat' dir='ltr'><strong>Et</strong></span> <span class='ocrx_word' id='word_1_155' title='bbox 326 2554 389 2615; x_wconf 81' lang='lat' dir='ltr'><strong>iam</strong></span> <span class='ocrx_word' id='word_1_156' title='bbox 408 2553 533 2631; x_wconf 88' lang='lat' dir='ltr'><strong>iamque</strong></span> <span class='ocrx_word' id='word_1_157' title='bbox 541 2550 563 2585; x_wconf 87' lang='lat'><strong>¹⁰</strong></span> <span class='ocrx_word' id='word_1_158' title='bbox 576 2556 608 2613; x_wconf 84' lang='lat' dir='ltr'><strong>tc</strong></span> <span class='ocrx_word' id='word_1_159' title='bbox 627 2552 767 2613; x_wconf 88' lang='lat' dir='ltr'><strong>multum</strong></span> <span class='ocrx_word' id='word_1_160' title='bbox 783 2552 928 2631; x_wconf 84' lang='lat' dir='ltr'><strong>deprecor</strong></span> <span class='ocrx_word' id='word_1_161' title='bbox 943 2556 1036 2633; x_wconf 89' lang='lat' dir='ltr'><strong>atque</strong></span> <span class='ocrx_word' id='word_1_162' title='bbox 1056 2552 1107 2614; x_wconf 92' lang='lat' dir='ltr'><strong>ob·</strong></span> <span class='ocrx_word' id='word_1_163' title='bbox 1122 2569 1254 2627; x_wconf 68' lang='grc' dir='ltr'><strong>Ερῑωομι</strong></span> 
     </span>
    </p>

    <p class='ocr_par' dir='ltr' id='par_1_8' title="bbox 9 2630 1256 3619">
     <span class='ocr_line' id='line_1_25' title="bbox 10 2630 1256 2735; baseline -0.004 -17"><span class='ocrx_word' id='word_1_164' title='bbox 10 2688 57 2729; x_wconf 71' lang='lat'><strong>‚94</strong></span> <span class='ocrx_word' id='word_1_165' title='bbox 68 2672 94 2719; x_wconf 81' lang='lat' dir='ltr'><strong>b.</strong></span> <span class='ocrx_word' id='word_1_166' title='bbox 155 2654 254 2713; x_wconf 83' lang='lat' dir='ltr'><strong>testor</strong></span> <span class='ocrx_word' id='word_1_167' title='bbox 268 2652 302 2712; x_wconf 90' lang='lat' dir='ltr'><strong>in</strong></span> <span class='ocrx_word' id='word_1_168' title='bbox 317 2652 462 2727; x_wconf 90' lang='lat' dir='ltr'><strong>Domino,</strong></span> <span class='ocrx_word' id='word_1_169' title='bbox 480 2654 517 2713; x_wconf 86' lang='lat' dir='ltr'><strong>ut</strong></span> <span class='ocrx_word' id='word_1_170' title='bbox 530 2650 748 2731; x_wconf 58' lang='lat' dir='ltr'><strong>ccmflmissum</strong></span> <span class='ocrx_word' id='word_1_171' title='bbox 763 2651 821 2712; x_wconf 90' lang='lat' dir='ltr'><strong>tibi</strong></span> <span class='ocrx_word' id='word_1_172' title='bbox 837 2672 962 2731; x_wconf 76' lang='lat' dir='ltr'><strong>gregem</strong></span> <span class='ocrx_word' id='word_1_173' title='bbox 979 2652 1107 2713; x_wconf 87' lang='lat' dir='ltr'><strong>sedulus</strong></span> <span class='ocrx_word' id='word_1_174' title='bbox 1121 2630 1256 2735; x_wconf 40' lang='grc' dir='ltr'><strong>Ηυξ</strong></span> 
     </span>
     <span class='ocr_line' id='line_1_26' title="bbox 9 2749 1250 2829; baseline -0.004 -15"><span class='ocrx_word' id='word_1_175' title='bbox 9 2765 98 2814; x_wconf 68' lang='lat' dir='ltr'><strong>eron</strong></span> <span class='ocrx_word' id='word_1_176' title='bbox 110 2776 137 2811; x_wconf 70' lang='grc' dir='ltr'><strong>ι,</strong></span> <span class='ocrx_word' id='word_1_177' title='bbox 157 2750 197 2812; x_wconf 81' lang='lat' dir='ltr'><strong>ab</strong></span> <span class='ocrx_word' id='word_1_178' title='bbox 210 2750 399 2812; x_wconf 83' lang='lat' dir='ltr'><strong>irruentium</strong></span> <span class='ocrx_word' id='word_1_179' title='bbox 412 2752 558 2829; x_wconf 89' lang='lat' dir='ltr'><strong>luporum</strong></span> <span class='ocrx_word' id='word_1_180' title='bbox 572 2749 772 2829; x_wconf 69' lang='lat' dir='ltr'><strong>improbitate</strong></span> <span class='ocrx_word' id='word_1_181' title='bbox 782 2752 897 2811; x_wconf 85' lang='lat' dir='ltr'><strong>tuearis</strong></span> <span class='ocrx_word' id='word_1_182' title='bbox 910 2773 917 2827; x_wconf 71' lang='grc' dir='ltr'><strong><em>ς</em></strong></span> <span class='ocrx_word' id='word_1_183' title='bbox 938 2754 1032 2829; x_wconf 86' lang='lat' dir='ltr'><strong>teque</strong></span> <span class='ocrx_word' id='word_1_184' title='bbox 1042 2770 1107 2811; x_wconf 88' lang='lat' dir='ltr'><strong>non</strong></span> <span class='ocrx_word' id='word_1_185' title='bbox 1122 2750 1198 2795; x_wconf 56' lang='grc' dir='ltr'><strong>Μ*</strong></span> <span class='ocrx_word' id='word_1_186' title='bbox 1208 2762 1250 2795; x_wconf 62' lang='lat'><strong>¹¹*</strong></span> 
     </span>
     <span class='ocr_line' id='line_1_27' title="bbox 9 2840 1230 2942; baseline 0 -33"><span class='ocrx_word' id='word_1_187' title='bbox 9 2840 99 2942; x_wconf 35' lang='lat'><strong>{2¹⁵¹}</strong></span> <span class='ocrx_word' id='word_1_188' title='bbox 160 2850 396 2925; x_wconf 86' lang='lat' dir='ltr'><strong>mercenarium,</strong></span> <span class='ocrx_word' id='word_1_189' title='bbox 422 2850 476 2911; x_wconf 84' lang='lat' dir='ltr'><strong>sed</strong></span> <span class='ocrx_word' id='word_1_190' title='bbox 503 2852 659 2929; x_wconf 83' lang='lat' dir='ltr'><strong>pastorem</strong></span> <span class='ocrx_word' id='word_1_191' title='bbox 683 2849 892 2910; x_wconf 88' lang='lat' dir='ltr'><strong>constitutum</strong></span> <span class='ocrx_word' id='word_1_192' title='bbox 914 2869 981 2909; x_wconf 89' lang='lat' dir='ltr'><strong>esse</strong></span> <span class='ocrx_word' id='word_1_193' title='bbox 1002 2849 1110 2909; x_wconf 91' lang='lat' dir='ltr'><strong>memi-</strong></span> <span class='ocrx_word' id='word_1_194' title='bbox 1224 2841 1230 2855; x_wconf 76' lang='grc'><strong>’</strong></span> 
     </span>
     <span class='ocr_line' id='line_1_28' title="bbox 159 2946 1109 3026; baseline 0 -19"><span class='ocrx_word' id='word_1_195' title='bbox 159 2948 252 3024; x_wconf 86' lang='lat' dir='ltr'><strong>neris,</strong></span> <span class='ocrx_word' id='word_1_196' title='bbox 285 2947 341 3026; x_wconf 90' lang='lat' dir='ltr'><strong>qui</strong></span> <span class='ocrx_word' id='word_1_197' title='bbox 367 2966 508 3009; x_wconf 90' lang='lat' dir='ltr'><strong>amorem</strong></span> <span class='ocrx_word' id='word_1_198' title='bbox 538 2947 657 3009; x_wconf 88' lang='lat' dir='ltr'><strong>summi</strong></span> <span class='ocrx_word' id='word_1_199' title='bbox 685 2946 825 3007; x_wconf 84' lang='lat' dir='ltr'><strong>Pastoris</strong></span> <span class='ocrx_word' id='word_1_200' title='bbox 853 2946 974 3007; x_wconf 87' lang='lat' dir='ltr'><strong>sollerti</strong></span> <span class='ocrx_word' id='word_1_201' title='bbox 1001 2947 1109 3007; x_wconf 88' lang='lat' dir='ltr'><strong>ouium</strong></span> 
     </span>
     <span class='ocr_line' id='line_1_29' title="bbox 159 3044 1109 3125; baseline 0 -20"><span class='ocrx_word' id='word_1_202' title='bbox 159 3045 258 3124; x_wconf 87' lang='lat' dir='ltr'><strong>ipsius</strong></span> <span class='ocrx_word' id='word_1_203' title='bbox 278 3048 421 3125; x_wconf 83' lang='lat' dir='ltr'><strong>pastione</strong></span> <span class='ocrx_word' id='word_1_204' title='bbox 442 3047 645 3121; x_wconf 82' lang='lat' dir='ltr'><strong>demonstres,</strong></span> <span class='ocrx_word' id='word_1_205' title='bbox 666 3064 786 3124; x_wconf 89' lang='lat' dir='ltr'><strong>proque</strong></span> <span class='ocrx_word' id='word_1_206' title='bbox 807 3044 925 3107; x_wconf 86' lang='lat' dir='ltr'><strong>eisdem</strong></span> <span class='ocrx_word' id='word_1_207' title='bbox 945 3044 1109 3120; x_wconf 68' lang='lat' dir='ltr'><strong>ouibusei</strong></span> 
     </span>
     <span class='ocr_line' id='line_1_30' title="bbox 157 3144 1109 3224; baseline -0.001 -19"><span class='ocrx_word' id='word_1_208' title='bbox 157 3146 202 3207; x_wconf 84' lang='lat' dir='ltr'><strong>ita</strong></span> <span class='ocrx_word' id='word_1_209' title='bbox 229 3165 279 3205; x_wconf 86' lang='lat' dir='ltr'><strong>res</strong></span> <span class='ocrx_word' id='word_1_210' title='bbox 305 3146 486 3224; x_wconf 83' lang='lat' dir='ltr'><strong>poposcerit,</strong></span> <span class='ocrx_word' id='word_1_211' title='bbox 513 3164 584 3205; x_wconf 91' lang='lat' dir='ltr'><strong>cum</strong></span> <span class='ocrx_word' id='word_1_212' title='bbox 611 3144 702 3205; x_wconf 85' lang='lat' dir='ltr'><strong>beato</strong></span> <span class='ocrx_word' id='word_1_213' title='bbox 729 3144 941 3221; x_wconf 88' lang='lat' dir='ltr'><strong>apostolorum</strong></span> <span class='ocrx_word' id='word_1_214' title='bbox 968 3144 1109 3223; x_wconf 90' lang='lat' dir='ltr'><strong>principe</strong></span> 
     </span>
     <span class='ocr_line' id='line_1_31' title="bbox 155 3242 1110 3323; baseline -0.003 -18"><span class='ocrx_word' id='word_1_215' title='bbox 155 3244 295 3305; x_wconf 86' lang='lat' dir='ltr'><strong>animam</strong></span> <span class='ocrx_word' id='word_1_216' title='bbox 322 3264 438 3323; x_wconf 88' lang='lat' dir='ltr'><strong>ponere</strong></span> <span class='ocrx_word' id='word_1_217' title='bbox 465 3246 590 3321; x_wconf 79' lang='lat' dir='ltr'><strong>paratus</strong></span> <span class='ocrx_word' id='word_1_218' title='bbox 614 3243 666 3305; x_wconf 86' lang='lat' dir='ltr'><strong>sis.</strong></span> <span class='ocrx_word' id='word_1_219' title='bbox 726 3242 841 3304; x_wconf 86' lang='lat' dir='ltr'><strong>Precor</strong></span> <span class='ocrx_word' id='word_1_220' title='bbox 867 3242 999 3304; x_wconf 85' lang='lat' dir='ltr'><strong>sollicite</strong></span> <span class='ocrx_word' id='word_1_221' title='bbox 1026 3262 1110 3322; x_wconf 86' lang='lat' dir='ltr'><strong>prae·</strong></span> 
     </span>
     <span class='ocr_line' id='line_1_32' title="bbox 157 3340 1109 3420; baseline -0.002 -17"><span class='ocrx_word' id='word_1_222' title='bbox 157 3362 273 3419; x_wconf 84' lang='lat' dir='ltr'><strong>canens,</strong></span> <span class='ocrx_word' id='word_1_223' title='bbox 295 3362 344 3418; x_wconf 90' lang='lat' dir='ltr'><strong>ne,</strong></span> <span class='ocrx_word' id='word_1_224' title='bbox 368 3343 547 3404; x_wconf 89' lang='lat' dir='ltr'><strong>cumidem</strong></span> <span class='ocrx_word' id='word_1_225' title='bbox 567 3340 712 3420; x_wconf 87' lang='lat' dir='ltr'><strong>princeps</strong></span> <span class='ocrx_word' id='word_1_226' title='bbox 725 3342 937 3419; x_wconf 86' lang='lat' dir='ltr'><strong>apostolorum</strong></span> <span class='ocrx_word' id='word_1_227' title='bbox 954 3342 1109 3419; x_wconf 88' lang='lat' dir='ltr'><strong>ceterique</strong></span> 
     </span>
     <span class='ocr_line' id='line_1_33' title="bbox 157 3439 1108 3519; baseline -0.002 -18"><span class='ocrx_word' id='word_1_228' title='bbox 157 3441 299 3502; x_wconf 90' lang='lat' dir='ltr'><strong>fidelium</strong></span> <span class='ocrx_word' id='word_1_229' title='bbox 322 3461 452 3519; x_wconf 76' lang='lat' dir='ltr'><strong>gregum</strong></span> <span class='ocrx_word' id='word_1_230' title='bbox 470 3441 563 3501; x_wconf 87' lang='lat' dir='ltr'><strong>duces</strong></span> <span class='ocrx_word' id='word_1_231' title='bbox 583 3440 618 3501; x_wconf 93' lang='lat' dir='ltr'><strong>in</strong></span> <span class='ocrx_word' id='word_1_232' title='bbox 638 3440 689 3500; x_wconf 90' lang='lat' dir='ltr'><strong>die</strong></span> <span class='ocrx_word' id='word_1_233' title='bbox 709 3440 819 3501; x_wconf 92' lang='lat' dir='ltr'><strong>iudicii</strong></span> <span class='ocrx_word' id='word_1_234' title='bbox 838 3439 1013 3501; x_wconf 83' lang='lat' dir='ltr'><strong>marimum</strong></span> <span class='ocrx_word' id='word_1_235' title='bbox 1033 3459 1108 3500; x_wconf 86' lang='lat' dir='ltr'><strong>suae</strong></span> 
     </span>
     <span class='ocr_line' id='line_1_34' title="bbox 156 3538 1107 3619; baseline -0.002 -18"><span class='ocrx_word' id='word_1_236' title='bbox 156 3540 319 3619; x_wconf 78' lang='lat' dir='ltr'><strong>pastoralis</strong></span> <span class='ocrx_word' id='word_1_237' title='bbox 347 3560 437 3601; x_wconf 87' lang='lat' dir='ltr'><strong>curae</strong></span> <span class='ocrx_word' id='word_1_238' title='bbox 459 3539 597 3600; x_wconf 79' lang='lat' dir='ltr'><strong>fructum</strong></span> <span class='ocrx_word' id='word_1_239' title='bbox 624 3538 750 3600; x_wconf 83' lang='lat' dir='ltr'><strong>Christo</strong></span> <span class='ocrx_word' id='word_1_240' title='bbox 778 3538 958 3617; x_wconf 85' lang='lat' dir='ltr'><strong>obtulerint,</strong></span> <span class='ocrx_word' id='word_1_241' title='bbox 982 3542 1107 3600; x_wconf 86' lang='lat' dir='ltr'><strong>tuarum</strong></span> 
     </span>
    </p>
   </div>
   <div class='ocr_carea' id='block_1_3' title="bbox 155 3728 1108 4030">
    <p class='ocr_par' dir='ltr' id='par_1_9' title="bbox 190 3728 1108 3793">
     <span class='ocr_line' id='line_1_35' title="bbox 190 3728 1108 3793; baseline -0.002 -14"><span class='ocrx_word' id='word_1_242' title='bbox 190 3728 431 3793; x_wconf 84' lang='lat' dir='ltr'><strong>¹pontii.cunctls</strong></span> <span class='ocrx_word' id='word_1_243' title='bbox 442 3730 478 3781; x_wconf 74' lang='lat' dir='ltr'><strong>n.</strong></span> <span class='ocrx_word' id='word_1_244' title='bbox 591 3728 828 3793; x_wconf 74' lang='lat' dir='ltr'><strong>’huiusmopern</strong></span> <span class='ocrx_word' id='word_1_245' title='bbox 839 3728 875 3780; x_wconf 77' lang='lat' dir='ltr'><strong>n.</strong></span> <span class='ocrx_word' id='word_1_246' title='bbox 978 3728 1108 3778; x_wconf 78' lang='lat' dir='ltr'><strong>&#39;iniusta</strong></span> 
     </span>
    </p>

    <p class='ocr_par' dir='ltr' id='par_1_10' title="bbox 155 3804 1108 3873">
     <span class='ocr_line' id='line_1_36' title="bbox 155 3804 1108 3873; baseline -0.001 -16"><span class='ocrx_word' id='word_1_247' title='bbox 155 3823 202 3859; x_wconf 78' lang='lat' dir='ltr'><strong>orn.</strong></span> <span class='ocrx_word' id='word_1_248' title='bbox 217 3808 253 3859; x_wconf 82' lang='lat' dir='ltr'><strong>ll.</strong></span> <span class='ocrx_word' id='word_1_249' title='bbox 293 3807 511 3873; x_wconf 79' lang='lat' dir='ltr'><strong>‘praescrip-li.</strong></span> <span class='ocrx_word' id='word_1_250' title='bbox 568 3805 707 3870; x_wconf 69' lang='lat' dir='ltr'><strong>&#39;quieti</strong></span> <span class='ocrx_word' id='word_1_251' title='bbox 753 3809 862 3857; x_wconf 66' lang='lat' dir='ltr'><strong>&#39;rium</strong></span> <span class='ocrx_word' id='word_1_252' title='bbox 874 3806 910 3858; x_wconf 77' lang='lat' dir='ltr'><strong>n.</strong></span> <span class='ocrx_word' id='word_1_253' title='bbox 966 3804 1108 3857; x_wconf 72' lang='lat' dir='ltr'><strong>¹-toribus</strong></span> 
     </span>
    </p>

    <p class='ocr_par' dir='ltr' id='par_1_11' title="bbox 158 3884 1065 4030">
     <span class='ocr_line' id='line_1_37' title="bbox 158 3884 1065 3949; baseline 0 -13"><span class='ocrx_word' id='word_1_254' title='bbox 158 3886 196 3937; x_wconf 84' lang='grc' dir='ltr'><strong>Η.</strong></span> <span class='ocrx_word' id='word_1_255' title='bbox 262 3884 521 3938; x_wconf 69' lang='lat' dir='ltr'><strong>&#39;certimimetalt</strong></span> <span class='ocrx_word' id='word_1_256' title='bbox 585 3884 799 3937; x_wconf 54' lang='lat' dir='ltr'><strong>&#39;cutenorum</strong></span> <span class='ocrx_word' id='word_1_257' title='bbox 865 3886 883 3916; x_wconf 74' lang='lat'><strong>¹⁴</strong></span> <span class='ocrx_word' id='word_1_258' title='bbox 900 3885 1065 3949; x_wconf 79' lang='lat' dir='ltr'><strong>nsmqnell.</strong></span> 
     </span>
     <span class='ocr_line' id='line_1_38' title="bbox 611 3988 662 4030; baseline 0.02 -1"><span class='ocrx_word' id='word_1_259' title='bbox 611 3988 662 4030; x_wconf 75' lang='grc' dir='ltr'>Η</span> 
     </span>
    </p>
   </div>
   <div class='ocr_carea' id='block_1_4' title="bbox 0 0 1434 4334">
    <p class='ocr_par' dir='ltr' id='par_1_12' title="bbox 0 0 1434 4334">
     <span class='ocr_line' id='line_1_39' title="bbox 0 0 1434 4334; baseline 0 0"><span class='ocrx_word' id='word_1_260' title='bbox 0 0 1434 4334; x_wconf 95' lang='lat' dir='ltr'><strong> </strong></span> 
     </span>
    </p>
   </div>
  </div>
 </body>
</html>
