2859 4334
152 310 212 359 cir.
225 304 296 369 xit]
451 291 566 360 Gentis
588 293 794 379 duplorum.
1036 293 1102 361 309

149 486 185 527 ac
206 466 371 545 splendore
391 466 470 527 lucis
490 468 613 529 audisti.
658 468 706 529 Tu
725 471 840 543 antem,
863 468 937 545 quia
956 488 1042 529 nunc
1062 470 1101 530 ad

150 586 261 643 corpus
276 566 396 641 reuerti,
414 569 446 626 et
459 586 583 627 rursum
603 566 686 628 inter
705 567 851 628 homines
869 567 976 628 uiuere
996 568 1098 643 debes,

150 665 177 726 si
191 670 280 726 actus
294 669 364 726 tuos
378 665 528 725 curiosius
542 666 702 740 discutere,
721 670 753 727 et
767 685 869 727 mores
882 686 1102 745 sermonesque

149 766 222 824 tuos
246 762 280 823 in
301 764 486 824 rectitudine
507 782 541 823 ac
563 763 763 840 simplicitate
785 784 909 825 seruare
932 765 1098 841 studueris,

149 862 282 939 accipies
303 865 335 922 et
357 862 423 939 ipse
445 864 514 939 post
537 866 671 923 mortem
699 863 804 923 locum
827 863 1000 923 mansionis
1020 864 1103 924 inter

150 962 234 1029 haec,
259 980 337 1039 quus
354 960 461 1036 cernis,
486 960 610 1039 agmina
633 960 820 1022 laetabunda
843 961 1011 1038 spirituum
1034 963 1102 1023 bea·

149 1062 264 1120 torum.
309 1059 453 1135 Namque
477 1078 542 1137 ego,
568 1078 640 1120 cum
665 1061 705 1121 ad
732 1062 859 1137 tempus
885 1060 1100 1121 abscessissem

150 1160 227 1233 ato,
251 1157 289 1218 ad
312 1158 369 1218 hoc
389 1158 457 1231 ieci,
480 1162 524 1232 ut,
549 1158 623 1235 quid
646 1160 737 1219 dete
761 1158 830 1218 fieri
851 1159 987 1233 deberet,
1009 1179 1100 1237 agno·

149 1257 299 1317 scerem”
339 1256 425 1315 Haec
439 1256 521 1317 mihi
534 1276 607 1316 cum
621 1257 760 1331 dixisset,
777 1258 916 1318 multum
930 1257 1101 1318 detestatus

150 1374 221 1415 sum
231 1355 345 1415 reuerti
360 1355 398 1415 ad
413 1374 532 1433 corpus,
547 1355 719 1415 delectatus
732 1355 883 1417 nimirum
898 1356 1052 1416 suauitate
1064 1376 1100 1416 ac

149 1454 259 1513 decore
282 1454 341 1514 loci
363 1452 457 1529 illins,
481 1473 575 1531 quem
596 1453 750 1529 intuebar,
774 1454 869 1514 simul
890 1456 922 1514 et
943 1454 1100 1515 consortio

148 1571 266 1625 eorum,
297 1572 376 1629 quos
402 1552 437 1612 in
465 1552 520 1611 illo
549 1551 704 1612 uidebam.
755 1550 820 1612 Nec
847 1555 955 1612 tamen
982 1553 1100 1629 aliquid

148 1650 310 1712 ductorem
343 1670 450 1711 meum
482 1670 589 1727 rogare
618 1650 791 1724 andebam
825 1650 878 1711 sed
911 1650 994 1712 inter
1025 1652 1101 1711 haec

149 1750 254 1809 nescio
279 1769 340 1827 quo
364 1750 473 1809 ordine
497 1752 624 1827 repente
648 1768 700 1809 me
724 1749 808 1809 inter
828 1749 973 1810 homines
995 1750 1102 1810 uiuere

148 1849 261 1909 cerno!

189 1946 276 2007 Haec
300 1948 331 2007 st
354 1946 422 2020 ulia,
449 1965 528 2022 quae
549 1945 678 2023 uiderat,
703 1946 788 2007 idem
802 1946 853 2007 uir
872 1946 1009 2015 Domini,
1034 1966 1100 2007 nou

148 2045 296 2107 omnibus
323 2044 439 2121 passim
467 2044 628 2105 desidiosis
656 2064 690 2105 ac
719 2046 803 2105 uitae
837 2064 911 2104 snae
937 2045 1101 2105 incuriosis

148 2143 264 2204 referre
285 2140 417 2219 uolebat,
435 2144 490 2204 sed
508 2143 573 2203 illis
593 2144 801 2219 solummodo,
819 2143 874 2221 qui
892 2142 943 2202 uel
963 2144 1100 2203 tormen·

147 2247 252 2303 torum
272 2245 361 2303 metu
382 2242 545 2319 perterriti,
568 2243 620 2303 nel
641 2262 696 2320 spe
713 2242 897 2320 gaudiorum
915 2241 1102 2319 perennium

146 2341 298 2415 delectati,
326 2341 500 2419 profectum
526 2342 652 2418 pietatis
675 2361 712 2401 ex
738 2341 806 2401 eius
828 2341 933 2401 uerbis
960 2339 1100 2401 haurire¹

146 2436 322 2501 uolebant².
367 2438 511 2517 Denique
525 2440 560 2499 in
574 2439 710 2500 uicinia³
725 2440 821 2500 cellae
837 2440 925 2500 illius
944 2438 1102 2501 habitabat

147 2539 275 2617 quidam
298 2538 478 2611 monachus,
504 2538 632 2598 nomine
654 2538 818 2616 Haemgils
826 2540 846 2612 ⁴,
870 2538 1103 2617 presbyteratus

146 2638 250 2711 etiam,
279 2656 373 2713 quem
402 2636 494 2696 bonis
521 2636 641 2697 actibus
670 2637 868 2715 adaequabat,
894 2638 992 2714 gradu
1019 2656 1102 2714 prae·

146 2736 281 2809 minens,
314 2736 368 2812 qui
397 2735 498 2795 adhuc
526 2738 675 2812 superest,
700 2738 733 2795 et
760 2736 795 2795 in
818 2734 973 2796 Hibernia
996 2734 1101 2795 insula

146 2832 305 2895 solitarius
318 2833 463 2893 ultimam
478 2832 561 2893 uitae
574 2836 707 2894 aetatem
719 2852 800 2910 pane
814 2833 928 2893 cibario
940 2838 974 2893 et
986 2834 1100 2911 frigida

145 2952 226 3010 aqua
246 2935 409 2994 sustentat.
455 2932 518 2992 Hic
539 2932 662 3009 saepius
686 2932 727 2993 ad
753 2932 890 2992 eundem
917 2933 1022 2993 uirum
1054 2933 1099 2993 in·

146 3031 300 3109 grediens,
327 3031 449 3092 audiuit
473 3031 512 3091 ab
534 3050 570 3091 eo
592 3032 724 3107 repetita
747 3030 995 3108 interrogatione,
1021 3050 1099 3108 quae

147 3132 180 3193 et
204 3128 309 3207 qualia
336 3134 448 3205 essent,
475 3149 555 3208 quae
582 3133 695 3191 exutus
722 3148 849 3207 corpore
876 3130 1016 3205 uiderst;
1044 3149 1100 3206 per

146 3230 238 3289 cuius
273 3228 455 3289 relationem
492 3229 531 3290 ad
571 3231 712 3289 nostram
752 3248 874 3306 qnoque
906 3228 1099 3305 agnitionem

146 3346 325 3407 peruenere,
350 3348 428 3405 quas
452 3328 491 3387 de
512 3326 562 3387 his
582 3346 678 3404 pauca
698 3327 948 3403 perstrinximus
994 3326 1101 3387 Narra·
1116 3342 1271 3389 chllshu

146 3428 200 3487 bat
228 3430 334 3487 autem
350 3416 500 3487 'nisiones
527 3444 598 3485 suas
625 3426 720 3485 etiam
751 3426 816 3501 regi
844 3425 1000 3499 nldfrido,
1030 3426 1099 3486 uiro
1116 3403 1245 3518 Quen

147 3526 365 3602 undecumque
401 3522 601 3599 doctissim03
636 3527 668 3583 et
702 3526 769 3583 tam
803 3522 938 3583 libenter
970 3527 1099 3601 tamque
1116 3522 1223 3566 ΔΜ·

180 3672 188 3705 ¹
207 3674 296 3722 aurire
308 3672 344 3723 Μ.
432 3670 661 3731 ’Atthiapointin
674 3672 696 3720 N
710 3674 1099 3731 Mabonoemnqsncurluu

144 3758 192 3801 line
200 3770 210 3811 ,·
228 3756 278 3799 lber
294 3755 326 3799 ull
341 3754 362 3799 ic
375 3755 466 3799 mutual
475 3755 541 3811 srcm
554 3750 672 3813 denique
688 3756 709 3798 lo
726 3752 817 3799 seruat
832 3753 870 3812 (p.
887 3755 956 3811 310).
1002 3754 1064 3799 Μ
1081 3754 1100 3798 u

144 3834 280 3879 minues:
304 3834 397 3893 postes
419 3834 510 3878 autem
534 3830 580 3877 ille
602 3830 705 3891 accepit
725 3829 813 3877 locum
831 3830 1001 3878 secretiorem
1023 3843 1099 3877 man·

144 3910 231 3959 aionis
251 3908 281 3957 in
300 3908 469 3965 monastario,
482 3908 529 3957 ubi
549 3908 668 3971 liberius,
681 3908 728 3956 drc.
761 3906 794 3969 R,
805 3912 850 3957 hcc
860 3912 906 3955 ibic
915 3910 981 3956 istm
991 3911 1097 3971 reading,

146 3993 186 4037 but
198 3990 387 4039 nuncnunc.
453 3984 526 4036 ⁸·na
539 3986 576 4037 Μ.
640 3982 651 4013 ⁴
668 3985 730 4049 gisl
740 3985 772 4037 B.
