2859 4334
148 243 300 308 cmlv]
455 233 570 300 Ceratis
592 235 796 321 duplorum.
1037 239 1099 302 113

147 385 215 447 buit
229 388 333 464 palam
347 390 515 451 adsensum
533 393 760 470 euangeliaanti
778 394 868 455 beato
885 394 1020 455 Paulino
1035 414 1097 468 rex,

148 487 186 560 et,
211 486 433 548 abrenuntiata
456 489 607 566 idolatria,
632 491 726 552 fidem
751 512 784 552 se
803 493 921 554 Christi
945 493 1100 571 suscipere

147 585 307 648 confessus
326 589 380 648 est
427 589 568 666 Cumque
584 610 602 649 a
618 590 756 668 praefato
776 591 923 668 pontifice
941 612 1099 652 sacrorum

148 703 277 746 suorum
301 691 470 763 quaereret,
497 689 568 765 quis
596 709 663 750 aras
691 693 724 749 et
750 691 823 750 fana
847 691 1001 751 idolorum
1026 711 1097 752 oum

148 783 253 860 septis,
273 786 386 861 quibus
407 789 495 847 erant
515 787 713 849 circumdata
734 791 855 864 primus
872 790 1034 866 profanare
1051 791 1100 850 de

79 873 81 878 ¹
148 881 254 957 beret;
276 883 329 944 ille
344 885 523 962 respondit:
548 886 639 963 ‘Ego
685 887 763 962 Quis
778 888 864 948 enim
884 908 927 963 ea,
949 908 1028 964 quae
1044 908 1100 965 per

134 981 314 1042 'aulltitiam
342 983 432 1059 colui,
460 1004 544 1044 nuno
568 985 607 1044 ad
632 987 812 1062 exemplum
834 987 977 1046 omnium
997 987 1101 1064 aptius

147 1099 241 1158 quam
262 1080 330 1158 ipse
349 1102 405 1158 per
422 1082 608 1160 sapientiam
629 1082 708 1143 mihi
728 1104 747 1145 a
768 1084 834 1144 Deo
855 1105 930 1145 uero
952 1087 1099 1146 donatam

136 1179 307 1240 destruam
317 1181 349 1241 ‘l’
378 1181 563 1257 Statimque,
575 1180 692 1242 abiecta
705 1182 926 1259 superstitione
939 1183 1096 1259 sanitatis
1116 1202 1232 1246 aalma

148 1279 270 1355 rogauit
291 1278 351 1340 eibi
371 1300 476 1358 regem
495 1299 582 1340 arma
603 1281 676 1340 dare
698 1285 730 1342 et
751 1302 868 1358 equum
892 1283 1095 1359 emissarium,
1116 1260 1261 1365 ζίζξζξζὴθ

148 1397 243 1454 quem
264 1381 434 1440 ascendens
462 1379 500 1439 ad
528 1377 611 1438 idola
639 1380 828 1440 destruenda
852 1381 981 1441 ueniret
1027 1381 1097 1440 Non
1115 1380 1246 1484 &M

149 1476 236 1536 enim
255 1477 384 1538 licuerat
397 1478 577 1555 pontificem
596 1497 753 1540 sacrorum
773 1480 826 1539 uel
843 1499 929 1541 arma
942 1480 1029 1556 ferre,
1047 1480 1099 1540 uel
1114 1452 1256 1544 musam¹

148 1578 270 1652 praeter
279 1575 314 1634 in
328 1596 408 1652 equa
422 1578 566 1654 equitare.
597 1580 768 1640 Aeoinetus
782 1598 854 1656 ergo
867 1580 971 1656 gladio
984 1580 1099 1656 aceepit

148 1674 287 1734 laneeam
303 1674 337 1734 in
356 1695 461 1752 manu,
483 1680 515 1738 et
535 1679 705 1739 ascendens
719 1678 915 1738 emissarium
929 1678 1018 1756 regis,
1035 1697 1100 1754 pen

147 1773 258 1852 gebat¹
282 1773 321 1834 ad
344 1775 435 1836 idola.
480 1776 569 1852 Quod
593 1777 746 1854 aspiciens
767 1777 889 1854 uulgus,
915 1777 1099 1838 aestimabat

148 1892 221 1934 eum
244 1873 390 1935 insanire.
435 1875 499 1935 Nee
524 1875 647 1936 distulit
667 1875 728 1945 ille,
749 1895 824 1935 mox
842 1877 879 1936 ut
898 1876 1099 1953 adpropiabat

146 1973 185 2032 ad
203 1971 321 2046 fanum,
339 1972 500 2049 profanare
518 1973 606 2050 illud,
629 1974 742 2040 iniecta
760 1973 795 2032 in
817 1993 854 2033 eo
874 1974 987 2048 lancea,
1005 1994 1099 2050 quam

147 2071 291 2158 lessQll
325 2073 525 2150 multumque
551 2073 677 2151 gauisus
704 2073 743 2132 de
766 2072 927 2150 agnitione
950 2073 1017 2132 neri
1040 2073 1099 2132 Dei

147 2169 260 2245 uultus,
271 2169 364 2231 iussit
378 2171 469 2232 sociis
483 2172 641 2232 destruere
655 2192 690 2231 ac
704 2172 890 2231 suoeendere
903 2171 1012 2230 fanum
1027 2191 1098 2231 oum

147 2269 296 2330 ommlous
323 2269 422 2345 septis
447 2269 520 2330 suis.
579 2270 763 2331 Ostenditur
790 2273 896 2330 autem
930 2269 1018 2329 loeus
1044 2270 1101 2330 ille

146 2368 306 2446 quondam
321 2367 473 2428 idolomm
489 2387 552 2429 non
566 2369 659 2447 longe
673 2370 711 2428 ab
725 2368 866 2428 Eburaeo
880 2368 918 2428 ad
935 2367 1096 2443 orientem,

146 2467 232 2527 ultra
247 2487 374 2528 amnem
394 2467 690 2542 Doruuentionem’,
708 2471 740 2528 et
759 2471 889 2527 uocatur
906 2466 998 2526 hodie
1020 2467 1098 2527 God-

44 2577 113 2648 Vega.
147 2565 443 2642 munddingaham³‚
457 2564 511 2625 ubi
520 2566 661 2642 pontifex
669 2566 745 2643 ipse,
753 2565 1095 2642 inspiranteDeouero,

37 2649 51 2740 f’
70 2651 95 2682 ²⁸
146 2663 262 2742 polluit
276 2684 310 2724 ao
325 2663 478 2724 destruxit
492 2683 550 2740 eas,
568 2684 644 2740 quas
658 2664 725 2742 ipse
741 2667 923 2737 saerauemt,
937 2684 1013 2725 arae

521 2881 612 2942 CAP.
633 2877 721 2942 XIV.

181 3033 210 3079 Ut
221 3033 283 3078 Mens
295 3028 418 3078 Aeduim'*
429 3045 482 3078 oum
494 3046 539 3078 aua
549 3033 697 3089 qmtefldelis
708 3033 844 3090 aitsaclae;
865 3032 938 3078 alubi
948 3031 1066 3076 Paulinus

547 3113 705 3168 septimane.

185 3212 305 3273 Iolrna
318 3209 433 3289 aceepit
447 3231 501 3272 rex
515 3211 670 3272 Aeduini⁵
685 3232 757 3272 eum
770 3209 891 3271 eunetis
904 3207 1005 3285 gentis
1024 3226 1098 3267 suae
1114 3233 1228 3288 napum
1238 3237 1266 3278 or

143 3309 306 3371 nobilibus
318 3330 353 3370 ae
360 3310 452 3388 plebe
462 3310 651 3388 perplurima
660 3311 756 3370 fidem
767 3311 797 3369 et
808 3310 967 3370 laneorum
975 3308 1098 3366 sanotae
1114 3293 1211 3407 m:
1217 3355 1265 3410 ⁶²7·

141 3409 385 3486 regenerationis
401 3428 483 3468 anno
501 3409 589 3486 regni
604 3409 651 3468 sui
667 3407 725 3482 XI,
743 3409 798 3484 qui
814 3410 861 3466 est
879 3425 980 3467 annus
999 3405 1097 3465 domi·

142 3509 233 3567 nicae
265 3506 486 3566 incarnationis
518 3505 702 3567 DCXXVII
712 3507 729 3583 ⁶,
761 3507 800 3566 ab
834 3507 970 3566 aduentu
1005 3503 1098 3563 uero'

178 3637 186 3666 ¹
203 3651 319 3700 pergens
330 3636 365 3684 M.
377 3635 421 3696 Hp.
532 3635 541 3665 ²
556 3635 614 3684 der·
626 3637 657 3685 B.
757 3635 767 3663 ³
784 3633 998 3696 mundingaham
1011 3632 1048 3693 C,
1062 3637 1097 3682 vra

138 3721 240 3778 Νι
251 3715 312 3778 god-
324 3719 410 3774 tarino
422 3719 473 3764 boen
484 3719 568 3764 ensal.
707 3714 716 3744 ⁴
733 3715 827 3764 eduini
840 3715 871 3764 B.
883 3715 906 3762 N
916 3731 922 3772 ;
938 3712 1055 3760 oduuino
1067 3712 1096 3761 C.

137 3797 150 3828 ⁸
170 3794 267 3846 adsim
280 3791 327 3852 1³¹3
344 3807 388 3841 ·ne
400 3793 427 3841 C.
442 3791 480 3842 ΒΞ
572 3790 582 3819 ⁸
600 3791 636 3841 Μι
647 3809 718 3842 arente
729 3800 749 3841 to
760 3798 816 3842 tore
827 3797 916 3841 orium
927 3789 1095 3840 DCXXIIII.

136 3875 149 3903 ⁷
169 3889 237 3924 uero
248 3875 328 3921 asad
336 3874 363 3918 in
373 3870 409 3920 u,

574 3985 580 4000 ·
656 3975 669 4015 1
