2859 4334
359 253 422 316 112
552 223 554 228 ’
629 251 789 318 notos
809 251 1042 318 saumatam
1194 261 1289 328 [nm.

357 427 588 487 examinatione
622 427 821 505 perspexeris,
858 427 974 504 absque
1008 425 1075 486 ullo
1111 428 1290 487 cunctamine
1382 452 1383 455 ¹

357 525 513 602 suscipere
528 525 583 586 illa
596 525 804 586 festinemus?

400 624 496 685 Cuius
517 623 654 684 suasioni
676 624 843 700 uerbiswe
856 623 1065 700 prudentibus
1083 623 1165 683 alius
1179 626 1290 701 optima

357 725 426 782 tum
463 723 545 800 regis
582 723 724 783 tribuens
757 742 927 797 assensum,
961 721 1111 782 continuo
1146 723 1290 783 subdidit:

361 821 481 892 ‘Talis’
505 822 659 899 inquiens,
689 821 787 882 ‘mihi
807 820 940 894 uidetur,
965 841 1028 896 rer,
1051 821 1120 882 uita
1139 820 1290 882 hominum

358 939 504 996 praesens
518 920 552 980 in
568 921 672 995 terris,
689 919 729 980 ad
746 919 998 996 conparationem
1020 919 1096 994 eius,
1114 922 1197 996 quod
1216 921 1291 980 nobis

358 1019 514 1078 incertum
538 1020 595 1092 est,
622 1018 782 1094 temporis,
814 1017 905 1093 quale
931 1037 1004 1077 cum
1027 1021 1060 1077 te
1087 1019 1239 1079 residente
1260 1019 1290 1078 sd

359 1135 485 1176 caenam
500 1136 572 1176 cum
586 1116 718 1175 ducibus
727 1135 762 1175 ac
771 1116 926 1176 ministris
936 1116 1000 1176 tuis
1010 1119 1152 1193 tempore
1162 1116 1289 1190 brumali,

358 1235 484 1276 accenso
504 1215 632 1292 quidem
645 1214 714 1274 foco
729 1213 763 1276 in
777 1215 889 1289 medio,
906 1218 938 1275 et
959 1215 1058 1276 calido
1076 1216 1186 1276 effecto
1204 1235 1291 1275 caena-

358 1313 435 1390 culo,
465 1313 641 1373 furentibus
669 1315 776 1374 autem
803 1312 879 1372 foris
905 1333 962 1390 per
994 1313 1100 1373 omnis
1130 1314 1292 1374 turbimbus

359 1413 541 1472 hiemalium
576 1411 757 1490 pluuiarum
785 1412 837 1472 uel
864 1412 997 1488 niuium,
1029 1413 1198 1473 adueniens
1223 1431 1293 1471 unus

358 1531 517 1587 passerum
532 1511 662 1570 domum
681 1510 831 1570 citissime
849 1509 1078 1587 peruolauerit;
1099 1511 1235 1588 quicum
1246 1529 1293 1587 per

358 1629 457 1669 unum
473 1610 589 1669 ostium
604 1609 791 1687 ingrediens,
808 1629 882 1669 mox
895 1629 951 1686 per
970 1608 1056 1669 aliud
1072 1608 1189 1671 exierit
1229 1608 1292 1684 Ipso

358 1707 485 1784 quidem
499 1710 646 1785 tempore,
664 1727 726 1784 quo
739 1708 828 1767 intus
845 1709 900 1782 est,
918 1707 1033 1766 hiemis
1046 1709 1227 1784 tempestate
1238 1725 1292 1766 non

359 1807 507 1884 tangitur,
531 1807 585 1866 sed
607 1809 715 1867 tamen
740 1805 926 1884 paruissimo
949 1805 1049 1883 spatio
1072 1805 1241 1866 serenitatis
1260 1803 1292 1863 ad

358 1907 556 1966 momentum
585 1923 720 1979 excurso,
746 1924 819 1964 mox
842 1903 880 1964 de
908 1903 1011 1964 hieme
1038 1904 1073 1964 in
1101 1905 1234 1965 hiemem
1257 1923 1293 1961 re

359 2004 511 2081 grediens,
529 2003 593 2064 tuis
607 2003 706 2064 oculis
720 2002 864 2063 elabitur.
908 2002 960 2063 Ita
973 2003 1050 2062 haec
1063 2003 1131 2063 uita
1143 2003 1293 2063 hominum

359 2104 397 2163 ad
417 2103 575 2163 modicum
600 2106 745 2179 apparet3
767 2101 842 2179 quid
867 2099 991 2161 autem¹
1012 2106 1169 2182 sequatur,
1193 2100 1293 2178 quidue

359 2200 564 2279 praecesserit,
589 2219 715 2277 prorsus
739 2200 927 2277 ignoramus
972 2199 1067 2260 Unde
1086 2200 1114 2259 si
1134 2199 1207 2259 haec
1223 2216 1295 2258 noua

359 2298 500 2360 doctrina
520 2299 633 2358 certius
653 2298 771 2376 aliquid
792 2298 908 2374 attulit,
931 2298 1045 2358 merito
1065 2319 1133 2358 esse
1154 2297 1295 2376 sequenda

359 2397 504 2458 uidetur!
546 2397 607 2457 His
621 2397 738 2458 similia
758 2401 791 2457 et
811 2397 906 2457 ceteri
925 2398 1059 2457 maiores
1077 2400 1154 2458 natu
1172 2418 1206 2458 ac
1223 2394 1295 2472 regis

360 2496 528 2555 consiliarii
542 2497 694 2556 diuinitus
708 2497 862 2557 admoniti
876 2496 1152 2574 prosequebantur.
1382 2566 1383 2581 χ

399 2595 524 2655 Adiecit
551 2598 656 2655 autem
684 2594 771 2670 coifi,
796 2594 869 2673 quia
893 2595 989 2655 uellet
1008 2594 1114 2671 ipsum
1138 2592 1295 2654 Paulinum
1382 2624 1383 2655 l

359 2692 541 2770 diligentius
561 2694 668 2754 audire
688 2695 728 2755 de
744 2695 818 2770 Deo,
841 2714 935 2771 quem
953 2694 1156 2771 praedicabat,
1177 2692 1296 2753 uerbum
1382 2702 1383 2711 ¹

359 2792 532 2853 facientem.
571 2792 660 2868 Quod
674 2813 748 2854 cum
761 2792 888 2852 iubente
901 2812 973 2870 rege
986 2791 1108 2864 faceret,
1127 2788 1298 2852 exclamauit

359 2892 474 2952 auditis
495 2895 561 2953 eius
581 2892 777 2953 semronibus
798 2891 923 2952 dicens:
948 2891 1034 2951 ‘Iam
1055 2892 1133 2952 olim
1154 2889 1298 2951 intellexa

360 3009 426 3050 ram
450 2989 453 3056 l
476 2991 558 3049 nihil
586 3011 661 3066 esse,
693 2990 776 3067 quod
804 2990 1001 3079 colebamus3
1032 2989 1105 3066 quia
1131 2989 1268 3050 uidelicet
1276 2983 1294 3058 ¹,
1310 2993 1374 3046 ta*

360 3093 477 3164 quanto
495 3089 682 3149 studiosius³
705 3089 739 3148 in
760 3109 796 3148 eo
818 3087 905 3148 cultu
930 3087 1093 3148 ueritatem
1115 3085 1294 3167 quaerebam,

360 3189 449 3248 tanto
476 3187 582 3247 minus
608 3187 815 3247 inueniebam.
860 3186 951 3246 Nunc
975 3190 1081 3247 autem
1108 3190 1211 3263 aperte
1234 3199 1297 3259 pro·

360 3285 457 3360 fiteor,
485 3286 557 3362 quia
582 3285 616 3346 in
643 3287 701 3346 hac
729 3285 954 3364 praedicatione
977 3285 1094 3345 ueritas
1121 3286 1214 3345 claret
1237 3280 1295 3350 ills,

360 3404 440 3461 quae
454 3385 545 3444 nobis
559 3385 651 3455 uitae,
666 3385 783 3459 salutis,
801 3387 833 3444 et
846 3383 1051 3444 beatitudinis
1070 3388 1209 3444 aeternae
1225 3381 1299 3440 dona

361 3484 464 3543 ualet⁴
492 3483 635 3544 tribuere.
687 3483 781 3544 Unde
808 3503 947 3560 suggero,
977 3503 1040 3558 rex,
1071 3484 1108 3543 ut
1133 3481 1245 3560 templa
1270 3477 1299 3535 ct

360 3581 477 3658 altaria,
505 3601 583 3658 quse
611 3582 680 3642 sine
704 3581 808 3642 fructu
832 3581 980 3642 utilitatis
1003 3581 1199 3654 sacrauimus,
1222 3576 1301 3637 ocius

360 3681 552 3741 anathemati
571 3683 603 3741 et
622 3681 688 3758 igni
706 3678 944 3741 contradamus!
987 3679 1069 3755 Quid
1083 3681 1198 3757 plura?
1218 3693 1300 3754 prae

393 3843 748 3908 ¹tamen‚a1orecoautem
761 3846 796 3896 Μ.
886 3843 1092 3899 ’munimem
1170 3838 1300 3892 ⁸·sior1.

362 3923 407 3984 111.
484 3923 638 3974 ⁴uslcat0.
