2859 4334
140 282 200 332 cn.
215 275 260 342 ιι]
443 268 558 334 Gentis
580 267 785 354 duplorum.
1028 271 1090 334 129

140 439 247 515 fertur,
265 441 338 517 quia
347 441 428 502 facta
439 443 532 503 citato
543 465 635 521 opere
646 465 742 520 cruce,
755 465 790 506 ac
800 445 891 506 fouea
900 425 1087 522 praeparata,

141 537 173 598 in
189 559 251 616 qua
265 541 362 600 statui
376 543 510 620 deberet,
527 543 595 620 ipse
608 543 670 604 fide
684 545 809 604 feruens
819 546 900 605 hanc
914 542 1087 619 arripuerit,

140 655 174 696 ao
202 640 312 701 foueas
339 642 518 720 inposuerit,
549 645 642 721 atque
669 648 801 720 utraque
827 663 924 703 manu
956 644 1091 700 erectam

141 739 279 798 tenuerit
290 739 307 815 ¹,
337 741 433 802 donee
461 743 588 819 adgesto
615 764 634 804 a
661 744 816 804 militibus
839 743 968 820 puluere
990 745 1092 801 terrae

140 836 306 914 figeretur3
335 844 367 900 et
389 841 448 900 hoo
470 841 558 916 facto,
584 843 664 902 elata
682 843 715 902 in
742 843 842 902 altum
865 862 940 902 uoce
960 837 1091 900 cuncto²

139 937 289 996 exercitui
308 939 564 1014 proclamauerit:
590 941 785 1001 ‘Fleotamus
804 961 912 1000 omnes
931 959 1040 1016 genua,
1059 941 1091 997 et

140 1035 244 1096 Deum
257 1037 267 1068 ³
282 1038 540 1114 omnipotentem,
556 1039 677 1114 uiuum,
695 1059 731 1099 ao
748 1060 859 1099 uerum
875 1039 910 1098 in
925 1057 1091 1098 commune

140 1135 349 1212 deprecemur,
376 1139 412 1196 ut
434 1156 493 1197 nos
516 1138 556 1197 ab
581 1138 671 1198 hoste
692 1138 827 1216 superbo
851 1158 886 1198 ac
911 1137 1010 1197 feroce
1034 1156 1091 1196 sna

140 1233 341 1294 miseratione
362 1235 529 1310 defendat;
550 1236 609 1296 soit
630 1236 717 1296 enim
741 1237 816 1314 ipss,
841 1237 915 1313 quia
932 1236 1015 1295 iusta
1034 1255 1090 1311 pro

139 1334 241 1393 salute
268 1334 372 1412 gentis
399 1338 523 1395 nostrae
552 1335 635 1396 bella
667 1337 882 1413 suscepimus!
938 1335 1091 1394 Fecerunt

139 1451 259 1506 omnes,
277 1436 313 1493 ut
327 1432 467 1508 iusserat,
485 1433 574 1493 etsie
588 1433 756 1510 incipiente
767 1432 905 1493 diluculo
919 1433 952 1491 in
966 1433 1089 1491 hostem

139 1531 302 1608 progressi,
320 1532 406 1592 iuxta
421 1531 569 1593 meritum
585 1552 658 1591 suae
668 1532 742 1592 fidei
756 1531 887 1592 uictoria
899 1530 992 1608 potiti
1002 1535 1085 1590 sunt.

139 1629 180 1689 In
198 1630 287 1691 onius
305 1630 374 1691 looo
390 1631 540 1691 orationis
563 1631 745 1691 innumerae
764 1631 898 1690 uirtutes
918 1629 1089 1689 sanitatum

140 1734 315 1790 noscuntur
338 1749 415 1796 ¹esse
444 1732 591 1807 patratae,
622 1730 662 1790 ad
693 1729 847 1790 indicium
879 1728 1023 1788 uidelicet
1054 1747 1089 1786 ac

140 1829 325 1888 memoriam
350 1829 443 1889 fidei⁴
468 1829 558 1906 regis.
601 1829 683 1889 Nam
705 1833 737 1888 et
759 1848 859 1906 usque
879 1827 972 1887 hodie
995 1826 1089 1886 multi

139 1928 179 1986 de
192 1927 261 2005 ipso
275 1927 360 2005 liguo
371 1931 578 1988 sacrosanctae
589 1927 689 1988 crucis
699 1927 816 1988 astulas
826 1927 965 1986 excidere
975 1926 1085 1998 solent,

140 2045 218 2102 quas
242 2045 314 2085 oum
335 2025 368 2085 in
391 2023 507 2103 aquas⁶
528 2027 681 2100 miserint,
707 2026 812 2102 eisque
831 2026 1017 2102 languentes
1037 2024 1090 2083 ho·

139 2125 243 2184 mines
265 2129 319 2186 aut
340 2126 474 2203 pecudes
497 2126 682 2204 potauerint,
708 2124 776 2184 siue
797 2123 991 2201 asperserint,
1015 2141 1089 2182 mox

139 2225 267 2284 sanitati
282 2225 497 2286 restituuntur.

180 2323 320 2384 Uocatur
346 2323 433 2384 locus
456 2323 510 2382 ille
534 2323 643 2398 lingua
670 2299 847 2399 duglorum
872 2320 1086 2395 Helenfelth⁸,
1105 2329 1235 2433 ffirm-

138 2423 223 2499 quod
247 2421 308 2481 dici
329 2425 432 2498 potest
455 2421 551 2480 latine
573 2420 713 2481 caelestis
737 2440 873 2497 campus
899 2419 981 2496 quod
1006 2422 1090 2478 certo
1171 2421 1176 2433 '

139 2521 250 2598 utique
263 2520 420 2597 praesagio
433 2519 612 2580 futurorum
631 2519 806 2595 antiquitus
822 2538 937 2578 nomen
954 2518 1089 2593 accepit;

138 2618 321 2696 significans
340 2618 499 2692 nimirum,
519 2617 601 2694 quod
623 2618 741 2678 ibidem
758 2618 890 2677 caeleste
907 2617 1090 2695 erigendum

139 2723 311 2795 tropaeum,
330 2716 470 2776 caelestis
490 2716 665 2777 inchoanda
685 2715 823 2790 uictoria,
837 2716 981 2776 caelestia
991 2736 1090 2792 usque

138 2816 233 2878 hodie
257 2816 360 2875 forent
383 2815 532 2875 miracula
560 2815 750 2876 celebranda.
793 2815 850 2875 Est
874 2819 980 2875 autem
1003 2814 1090 2874 locus

138 2915 227 2976 iuxta
240 2933 369 2974 murum
389 2914 482 2973 illum
502 2912 540 2972 ad
558 2913 744 2990 aquilonem,
762 2934 824 2990 qno
842 2913 977 2972 Romani
993 2932 1089 2990 quon-

139 3016 214 3076 dam
238 3013 279 3074 ob
298 3013 446 3073 arcendos
466 3012 666 3073 barbarorum
689 3013 827 3089 impetus
848 3014 947 3072 totam
971 3032 990 3070 a
1010 3011 1089 3070 mari

140 3115 178 3174 ad
200 3133 288 3173 mare
309 3111 505 3190 praecinxere
530 3110 729 3186 Brittaniam,
747 3116 783 3172 nt
803 3129 896 3186 supra
916 3109 1086 3170 docuimus

140 3213 181 3272 ln
191 3233 254 3290 quo
263 3211 408 3272 uidelicet
419 3211 486 3270 loeo
497 3211 756 3271 consuetudinem
765 3209 1090 3286 multoiamtempors

140 3311 279 3372 fecerant
306 3311 417 3371 fratres
444 3308 706 3386 Hagusteldeusis
734 3307 886 3383 ecclesiae,
919 3327 997 3384 quae
1023 3327 1089 3367 non

138 3410 233 3488 longe
243 3409 338 3484 abest,
350 3409 553 3470 aduenientes
567 3407 654 3467 omni
665 3426 750 3466 anno
763 3406 864 3484 pridie
875 3425 969 3483 quam
983 3409 1090 3482 postea

137 3508 224 3568 idem
238 3527 293 3568 rex
304 3507 440 3568 Osuald⁷
455 3506 574 3576 occisus
584 3509 640 3580 est,
653 3505 777 3582 uigilias
787 3525 843 3582 pro
854 3505 954 3564 salute
968 3504 1089 3564 animae

137 3607 206 3666 eius
232 3605 338 3680 facere,
366 3604 564 3682 plurimaque
591 3603 784 3680 psalmorum
812 3602 903 3662 laude
927 3602 1086 3677 celebrata

136 3705 303 3765 uictimam
322 3723 378 3780 pro
396 3721 432 3763 eo
450 3722 543 3762 mane
560 3721 662 3762 sacrae
680 3701 847 3762 oblationis
865 3700 983 3760 offerre
1028 3700 1089 3775 Qui

169 3849 408 3910 ¹tenerstll.H..
450 3849 585 3900 ’cnnotni
597 3846 641 3898 11¹.
684 3847 852 3897 'dominum
864 3848 900 3898 M.
943 3846 1089 3896 ‘fldsioaa

134 3929 232 3991 1111.
291 3928 415 3991 'aquarn
427 3927 473 3978 ΠΙ,
528 3925 620 3976 ⁸-reld
633 3925 805 3988 unu-ssed
817 3925 859 3977 N¹.
909 3922 1048 3974 ⁷osuuald
1060 3925 1090 3974 O.

603 4025 626 4066 K
