2859 4334
375 234 416 294 78
645 230 805 296 Historia
827 231 1058 296 Ecclesiastico
1210 241 1299 306 [11111.

370 405 524 466 bucellam
539 425 641 465 meam
656 406 748 478 solus,
767 409 799 466 et
818 426 882 466 non
904 404 1038 465 comedit
1058 405 1200 483 pupillus
1219 424 1251 463 ex
1268 423 1301 462 61.

373 505 451 580 Quia
471 505 509 564 ab
530 504 663 563 infantia
683 523 753 563 mea
774 505 873 564 creuit
893 525 1019 564 mecum
1043 504 1212 576 miseratio,
1229 506 1256 561 et
1272 501 1302 560 de

372 605 460 663 utero
475 603 584 663 matris
597 622 684 662 meae
699 622 821 680 egressa
835 608 884 663 est
897 604 1043 663 mecum’

267 722 282 752 ο
308 723 323 753 a
414 702 465 762 nd
490 702 577 761 cuius
601 701 725 777 pietatis
747 704 778 761 61
802 701 940 762 iustitiae
965 721 1044 778 opus
1066 701 1204 778 pertinet
1226 700 1303 759 etiam

200 782 243 870 „⁰
255 782 311 872 ‘1⁵3³'
372 801 439 874 hoc,
454 802 536 876 quod
551 803 688 860 nostram
703 803 830 876 gentem
843 821 898 878 per
911 801 1144 878 praedicatores,
1161 819 1237 876 quoa
1254 797 1302 856 hur
1385 846 1386 853 ,

222 960 239 989 n
269 946 274 956 .
308 981 313 992 Ι
373 899 493 974 direxit,
518 897 576 959 de¹
597 898 744 960 dentibus
764 899 885 976 antiqui
907 898 1007 959 hostis
1026 898 1161 975 eripiens
1180 901 1304 958 16111116

372 997 525 1058 libertatis
547 998 619 1059 16611
642 1019 708 1059 esse
730 999 933 1077 participem
964 997 1052 1057 cuius
1076 997 1151 1056 fidei
1174 1000 1206 1056 et
1228 993 1303 1056 saluti

373 1098 577 1174 congaudens,
601 1119 757 1175 quamque
778 1099 873 1175 digna
892 1098 984 1157 laude
1004 1097 1232 1169 commendans,
1253 1095 1306 1170 ipsc

373 1195 448 1256 dicit
462 1195 496 1254 in
508 1195 708 1272 Expositione
719 1198 801 1256 beati
813 1197 889 1256 Iob:
908 1195 999 1255 ‘Ecce
1012 1195 1121 1272 lingua
1137 1194 1302 1257 Brittaniae,
1317 1180 1388 1247 111111

374 1313 452 1370 quae
467 1294 513 1353 nil
526 1294 609 1354 aliud
627 1299 760 1355 nouerat
779 1315 873 1372 quam
894 1293 1079 1354 barbarum²
1092 1293 1241 1365 frendere,
1256 1292 1306 1350 iam
1318 1279 1332 1308 ⁰*
1341 1277 1354 1304 ¹¹

374 1392 493 1452 dudum
515 1393 549 1450 in
577 1393 693 1452 diuinis
722 1393 866 1453 laudibus
891 1392 1053 1451 Hebreum
1075 1391 1177 1468 coepit
1199 1388 1307 1449 alleluia
1387 1429 1388 1490 q

374 1509 516 1549 resonare
526 1493 544 1550 ³.
598 1492 675 1551 Ecce
702 1493 862 1568 quondam
889 1490 1038 1562 tumidus,
1063 1490 1128 1549 iam
1152 1491 1309 1549 substratus
1387 1500 1388 1563 j

375 1591 554 1648 sanctorum
579 1591 710 1666 pedibus
735 1591 831 1650 seruit
859 1609 1000 1664 oceanus,
1026 1588 1155 1664 eiusque
1181 1587 1307 1646 bnbaros

341 1721 345 1732 ·
375 1690 487 1762 motus,
519 1707 596 1764 quos
623 1689 739 1748 terreni
767 1688 923 1765 principes
950 1689 1095 1746 edomare
1117 1687 1197 1746 ferro
1220 1682 1309 1760 nequi·

376 1789 494 1859 nerant,
510 1785 569 1846 hos
587 1807 643 1863 pro
663 1787 771 1847 diuina
789 1787 957 1846 formidine
975 1787 1170 1846 sacerdotum
1183 1804 1234 1845 ora
1247 1782 1307 1841 sim·

375 1883 508 1960 plicibus
535 1885 640 1945 uerbis
669 1886 778 1962 ligant,
810 1889 843 1945 61
867 1885 921 1961 qui
949 1888 1088 1944 cateruas
1115 1882 1309 1961 pugnantium

375 1981 511 2041 infidelis
529 2002 726 2059 nequaquam
745 1986 906 2056 metueret,
924 1983 987 2042 iam
1001 2003 1087 2043 nunc
1101 1982 1201 2042 fidelis
1218 1978 1308 2040 humi·

368 2065 454 2139 lium
473 2081 597 2158 linguas
620 2082 719 2141 timet.
765 2082 845 2157 Quia
864 2081 950 2140 enim
968 2081 1122 2158 perceptis
1143 2079 1310 2140 caelestibus

376 2178 488 2248 uerbis,
527 2169 767 2239 clarescentibus
801 2200 923 2256 quoque
956 2179 1124 2253 miraculis,
1162 2179 1256 2239 uirtus
1285 2173 1309 2231 ei

375 2277 501 2336 diuinae
535 2277 721 2355 cognitionis
755 2279 941 2352 infunditur,
977 2277 1119 2338 eiusdem
1153 2274 1312 2337 diuinitatis

376 2379 489 2434 terrore
517 2378 697 2451 refrenatur,
728 2380 764 2437 ut
795 2397 890 2454 praue
917 2397 1005 2455 agera
1033 2379 1161 2451 metuat,
1191 2396 1224 2436 ac
1247 2371 1313 2434 totis

376 2475 536 2534 desideriis
556 2475 594 2535 ad
616 2475 811 2536 aeternitatis
831 2475 962 2552 gratiam
983 2475 1092 2536 uenire
1114 2469 1315 2550 concupaoet’

377 2571 496 2645 Quibus
513 2573 618 2632 uerbis
638 2575 748 2633 beatus
770 2574 938 2650 Gregorius
958 2575 1016 2634 hoc
1037 2594 1162 2650 quoque
1182 2572 1310 2633 declarat.

377 2669 449 2746 quia
470 2675 595 2733 sanctus
616 2673 813 2749 Augustinus
834 2677 866 2732 61
886 2673 961 2733 16611
981 2673 1048 2732 eius
1067 2692 1134 2731 non
1156 2673 1314 2746 161111116-

376 2768 528 2828 dicatione
551 2770 725 2845 uerborum,
754 2773 807 2831 sed
831 2771 925 2831 etiam
948 2772 1127 2831 caelestium
1151 2768 1314 2831 ostensione

376 2866 537 2944 signorum
558 2872 682 2944 gentem
705 2869 884 2947 Anglorum
906 2871 945 2929 ad
969 2869 1165 2946 agnitionem
1187 2865 1315 2929 uenata

374 2966 592 3041 perducebant.

418 3064 504 3124 Fecit
518 3065 601 3124 inter
617 3066 678 3126 alia
696 3067 804 3126 beatus
818 3069 916 3144 papa⁴
931 3067 1108 3144 Gregorius,
1130 3071 1168 3127 ut
1187 3067 1218 3126 in
1231 3061 1316 3123 ecclc

251 3153 265 3182 o
305 3152 323 3182 s.
376 3161 431 3221 siis
466 3168 642 3224 sanctorum
674 3165 885 3242 apostolorum
918 3165 1005 3225 Petri
1039 3168 1071 3224 et
1108 3166 1200 3225 Pauli
1231 3177 1316 3236 super

377 3280 504 3336 corpora
524 3283 632 3322 eorum
653 3262 766 3323 missae
786 3265 1020 3324 celebrarentur.
1066 3264 1127 3324 Sed
1150 3267 1182 3324 et
1203 3260 1316 3335 inipso

377 3359 543 3419 missarum
557 3361 764 3422 celebratione
777 3363 837 3422 tria
850 3363 945 3422 uerba
958 3362 1115 3422 maximae
1127 3357 1314 3440 perfeetionis

377 3457 469 3532 plena
503 3459 726 3534 superadiecit:
764 3461 918 3537 ‘Diesque
952 3464 1076 3521 nostros
1110 3462 1146 3520 in
1172 3465 1223 3521 tua
1244 3475 1315 3534 pace

377 3557 531 3632 disponas,
547 3561 640 3634 atque
653 3558 692 3618 ab
706 3562 833 3620 aeterna
846 3559 1048 3621 damnatione
1060 3581 1120 3621 nos
1134 3560 1216 3638 eripi,
1231 3559 1258 3615 61
1278 3553 1312 3612 in

378 3655 547 3715 electorum
561 3659 688 3716 tuorum
702 3657 809 3718 iubeas
822 3679 913 3736 grege
927 3659 1085 3720 numerari
1096 3661 1127 3721 ⁶.’

412 3803 418 3830 ¹
437 3803 470 3852 de
482 3819 526 3852 cm.
538 3802 578 3852 N¹.
594 3802 633 3854 0¹.
687 3803 698 3836 ²
715 3806 830 3854 barbam
840 3807 868 3856 C.
930 3809 940 3836 ³
956 3821 1051 3856 sonare
1063 3809 1101 3858 11.
1174 3807 1183 3835 ⁴
1195 3803 1316 3854 cwmtd

379 3885 405 3928 in
417 3881 447 3928 B.
459 3897 472 3928 1
490 3895 515 3942 p.
530 3897 568 3942 73.
634 3881 644 3910 ⁵
661 3897 708 3944 per
719 3887 784 3946 xpm
796 3884 861 3932 diam
873 3887 936 3933 nim
947 3886 1035 3935 addc.
