2859 4334
369 269 411 330 98
639 269 679 334 H
679 269 799 335 aiom
819 268 1050 336 Ecdmhaico
1207 277 1269 342 [Lm
1277 281 1304 327 ¹1·

369 445 422 523 qui
437 448 504 507 ueri
522 448 581 509 Dei
601 449 704 509 cultus
723 451 804 508 esset
822 467 948 525 prorsus
966 446 1101 521 ignarus.
1146 443 1232 517 Quae
1244 460 1304 502 cum

368 549 515 609 Aeduino
528 549 623 610 uerba
636 549 742 611 nuntii
758 549 909 609 referrent
919 545 937 620 ¹,
955 543 1099 622 promisit
1112 563 1147 604 se
1160 544 1209 603 nil
1222 541 1305 603 omni·

368 647 471 707 modis
481 649 672 709 contrarium
683 648 878 710 Christianae
888 645 969 718 fidei,
983 663 1077 720 quam
1088 642 1177 719 uirgo
1188 641 1302 713 colebat,

368 764 435 805 esse
461 745 639 821 facturum,
667 748 744 824 quin
772 746 875 824 potius
902 743 1136 821 permissurum,
1163 744 1199 801 ut
1222 740 1304 800 fidem

368 842 550 921 cultumque
574 865 646 905 suae
669 845 828 923 religionis
852 864 924 904 cum
949 841 1104 915 omnibus,
1132 839 1188 917 qui
1212 857 1303 899 secum

369 1059 455 1101 more
472 1042 648 1102 Christiano
666 1045 810 1103 seruaret.
855 1041 963 1117 Neque
982 1037 1149 1116 abnegauit
1169 1058 1203 1097 se
1223 1036 1303 1096 etiam

368 1140 499 1200 eandem
518 1142 697 1202 subiturum
719 1161 785 1202 esse
805 1141 1009 1218 religionem
1032 1137 1060 1197 si
1079 1140 1188 1197 tamen
1207 1133 1304 1195 exami-
1390 1150 1391 1171 ι

369 1240 444 1298 nata
470 1259 489 1298 a
514 1241 721 1316 prudentibus
748 1240 884 1301 sanctior
909 1260 944 1300 ac
969 1239 1035 1298 Deo
1062 1236 1187 1314 dignior
1212 1237 1303 1312 posset

368 1356 512 1398 inueniri.

410 1436 521 1514 Itaque
541 1439 737 1514 promittitur
760 1439 856 1516 uirgo,
881 1443 974 1514 atque
993 1434 1151 1496 AEduino¹
1167 1433 1299 1505 mittitur,

208 1514 330 1676 ’ἕψω
369 1537 400 1594 et
423 1535 511 1596 iuxta
532 1538 615 1614 quod
638 1539 824 1615 dispositum
844 1538 954 1612 fuerat,
972 1537 1136 1598 ordinatur
1156 1536 1303 1614 epiecopus
1390 1600 1391 1607 ἵ

320 1633 418 1693 ²·uir
433 1634 499 1694 Deo
514 1637 645 1698 dilectus
656 1638 817 1712 Paulinus,
831 1637 966 1715 quicum
980 1637 1035 1698 illa
1044 1637 1175 1713 ueniret,
1187 1650 1301 1709 eamque

305 1805 308 1813 Δ
369 1735 544 1794 etoomites
558 1735 633 1810 eius,
650 1757 690 1796 ne
703 1757 895 1814 paganorum
908 1739 1035 1814 possent
1048 1735 1193 1795 societate
1204 1731 1298 1810 pollui,
1390 1732 1391 1749 ¹

369 1833 524 1895 cotidiana
545 1837 595 1896 et8
619 1837 841 1909 exhortatione,
865 1839 897 1895 et
921 1835 1187 1893 sacramentorum
1206 1829 1300 1891 caeles

368 1929 451 1991 tium
464 1932 669 1994 celebratione
683 1934 888 1994 confirmaret.

409 2031 579 2093 Ordinatus
606 2035 652 2093 est
678 2035 786 2092 autem
813 2031 966 2093 Paulinus
994 2031 1156 2107 episcopus
1181 2050 1200 2090 a
1224 2028 1299 2087 Iusto

367 2129 601 2206 archiepiscopo,
621 2130 680 2188 sub
701 2130 752 2189 die
771 2129 838 2189 XII
860 2129 1074 2189 Kalendarum
1090 2130 1296 2206 dignamini

367 2247 450 2287 anno
471 2229 510 2288 ab
530 2228 742 2288 incarnatione
769 2228 899 2288 Domini
919 2228 1089 2302 DOXXV;
1117 2231 1149 2287 et
1171 2227 1213 2286 sic
1238 2243 1297 2284 cum

366 2326 502 2401 praefata
530 2327 651 2404 uirgine
672 2328 711 2387 ad
737 2347 840 2403 regem
869 2324 1074 2387 Aeduinum²
1098 2326 1186 2403 quasi
1211 2341 1298 2384 cornis
1390 2326 1391 2341 ¹

367 2425 494 2500 copulae
515 2427 646 2486 carnalis
664 2426 800 2486 aduenit.
843 2426 930 2486 Sed
921 2446 987 2503 ipse
1007 2426 1113 2503 potius
1128 2429 1194 2486 toto
1209 2423 1298 2484 anino

366 2522 541 2598 intendens,
570 2528 605 2585 ut
632 2527 767 2602 gentem,
799 2543 893 2601 quam
916 2525 1030 2600 adibat,
1056 2525 1096 2584 ad
1123 2523 1297 2602 agnitionem
1390 2530 1391 2581 l

366 2621 507 2681 ueritatis
535 2623 697 2696 aduocans,
725 2623 811 2683 iuxta
838 2643 947 2683 uocem
971 2622 1110 2700 apostoli,
1139 2623 1196 2682 uni
1221 2617 1321 2680 uero⁴²
1309 2590 1392 2723 :sffli

367 2739 482 2797 sponso
502 2720 659 2798 uirginem
679 2725 796 2782 castam
815 2722 975 2782 exhiberet
996 2721 1129 2782 Christo.
1174 2696 1328 2795 (tumque
1390 2762 1391 2777 i

367 2819 400 2877 in
420 2820 613 2895 prouinciam
635 2821 781 2894 uenisset,
805 2819 956 2881 laborauit
943 2821 1124 2894 tmultum‚
1142 2823 1179 2880 ut
1198 2823 1228 2879 et
1245 2837 1295 2890 eoa
1390 2802 1391 2861 1

366 2917 420 2993 qui
447 2937 552 2978 secum
580 2921 738 2993 uenerant,
766 2940 807 2979 ne
830 2939 849 2978 a
872 2919 934 2979 fide
959 2918 1135 2993 deficerent,
1157 2913 1386 2999 immota·
1390 2946 1391 2979 ς

365 3015 532 3076 adiuuante
554 3017 735 3092 contineret,
766 3021 797 3078 et
823 3017 951 3095 aliquos,
974 3017 1002 3076 ei
1029 3017 1110 3077 forte
1137 3021 1244 3096 posset,
1267 3013 1298 3073 de
1390 3032 1391 3053 ι

365 3115 494 3190 paganis
504 3115 542 3174 ad
557 3115 630 3174 fidei
643 3116 774 3192 gratiam
788 3116 993 3192 praedicando
1007 3120 1209 3176 conuerteret
1248 3111 1296 3175 Sed

365 3210 446 3271 sicut
466 3213 623 3290 apostolus
643 3214 695 3288 ait,
713 3214 858 3290 quamuis
878 3214 979 3274 multo
997 3217 1139 3291 tempore
1158 3215 1210 3275 illo
1226 3213 1297 3273 labo
1390 3230 1391 3243 ³

365 3311 454 3369 rante
468 3310 501 3369 in
516 3312 632 3372 uerbo:
658 3312 760 3372 ‘Deus
773 3312 886 3372 saeculi
900 3313 994 3372 huius
1007 3314 1182 3373 excaecauit
1192 3315 1298 3372 mentes
1309 3303 1392 3356 *0¹⁸¹

363 3406 547 3482 infidelium,
565 3429 606 3468 ii
619 3409 664 3469 iis
672 3408 807 3486 fulgeret
820 3409 1019 3470 inluminatio
1034 3411 1187 3489 iuingm
1199 3387 1325 3487 gloria*

365 3501 501 3565 Christi!

368 941 536 1019 uenissent,
554 944 631 1004 uiris
642 944 708 1005 siue
719 943 855 1016 feminis,
867 940 1076 1002 sacerdotibus
1086 937 1301 1008 seu‘minifiil'it

1390 1040 1391 1077 l

1390 1306 1391 1351 l

1390 1620 1391 1689 l

1390 1752 1391 1793 i

191 3607 276 3650 auem
250 3607 335 3676 apud
405 3604 502 3662 Anno
519 3606 625 3664 autem
644 3607 793 3680 sequente
812 3606 928 3667 uenit
919 3626 953 3665 in
974 3607 1169 3683 prouinciam
1186 3604 1297 3684 quidam

190 3665 388 3715 hiuma·-

190 3725 244 3769 tion
254 3724 280 3768 01

363 3701 492 3760 sicarius
510 3701 659 3762 uocabulo
675 3703 799 3780 Eumer,
817 3705 933 3765 missua
946 3725 964 3764 a
977 3725 1049 3783 rege
1066 3702 1294 3767 occidentalium

395 3837 948 3907 1ι1111111111.ἰιιΙιιιιίιιο,-ςιιιιιιιῦ
959 3845 1071 3908 eduino,
1082 3846 1197 3896 Unumii
1249 3838 1294 3885 ³²⁴

362 3917 447 3968 cmc.
525 3919 714 3970 ⁴uirol{¹.0¹.
