2859 4334
425 258 626 346 Eopbcrturu
648 259 864 345 Episcopum.
1054 261 1120 323 419

167 414 272 477 Deum
292 417 423 493 credere,
444 439 506 495 qua
527 419 668 480 diuinam
689 419 889 479 clementiam
910 419 1120 496 supplicantes

166 515 301 575 debeant
319 516 486 577 deuotione
506 518 631 595 precari,
655 538 751 595 quam
775 518 933 595 frequenti
957 518 1120 596 diligentia

166 614 327 690 signaculo
344 635 378 675 se
397 615 569 677 dominicae
587 617 687 677 crucis
700 637 817 694 suaque
832 616 939 677 omnia
951 617 1119 677 aduersum

166 713 332 773 continuas
359 714 597 776 immundorum
625 715 795 794 spirituum
830 716 959 776 insidias
993 735 1120 776 necesso

168 811 304 871 habeant
315 813 447 889 munire,
459 834 554 891 quam
565 815 709 875 salutaris
719 815 763 875 sit
772 815 861 874 omni
871 814 1119 875 Christianorum

167 909 292 989 generi¹
312 910 467 973 cotidiana
489 913 639 973 dominici
659 913 795 990 corporis
814 932 850 973 ac
872 913 1034 991 sanguinis
1055 933 1120 990 per·

167 1010 276 1087 ceptio,
307 1010 394 1071 iuxta
428 1012 510 1089 quod
543 1010 725 1073 ecclesiem²
752 1012 870 1073 Christi
896 1031 953 1089 per
980 1011 1116 1086 Italiam,

167 1108 312 1184 Galliam,
331 1110 480 1186 Africam,
501 1112 652 1186 Greciam,
669 1131 704 1172 ac
719 1114 823 1171 totum
842 1111 997 1171 orientem
1015 1110 1119 1171 soller

166 1209 215 1267 ter
236 1228 325 1285 agere
349 1210 442 1270 nosti.
487 1210 576 1286 Quod
601 1209 746 1271 uidelicet
768 1229 868 1287 genus
890 1208 1057 1287 religionis,
1083 1228 1119 1269 ac
1135 1220 1278 1278 neglector

166 1306 234 1367 Deo
248 1306 378 1367 deuotae
391 1308 644 1369 sanctificationis
658 1311 723 1369 tam
738 1309 831 1386 longe
842 1329 860 1370 a
870 1309 990 1369 cunctis
1004 1327 1104 1386 paene
1107 1281 1277 1387 ’ΨΜ
1229 1280 1288 1325 ⁰⁸¹¹

167 1408 290 1465 nostrae
304 1406 482 1483 prouinciae
496 1406 583 1467 laicis
595 1427 652 1485 per
664 1407 819 1467 incuriam
835 1407 1016 1468 docentium
1030 1406 1119 1484 quasi

166 1522 262 1580 prope
276 1507 477 1582 peregrinum
491 1505 578 1566 abest
564 1509 586 1581 t,
604 1509 640 1566 ut
627 1506 707 1566 thii
725 1506 779 1583 qui
796 1506 881 1567 inter
897 1505 987 1565 illos⁴
1001 1505 1119 1584 religio·

167 1601 264 1663 siores
288 1622 355 1663 esse
383 1603 539 1679 uidentur,
567 1624 632 1665 non
657 1605 721 1665 nisi
744 1605 779 1665 in
803 1604 902 1665 natali
924 1604 1064 1679 Domini,
1087 1607 1120 1666 et

167 1700 341 1779 epiphania,
349 1704 382 1762 et
391 1702 503 1780 pascha
512 1704 712 1764 sacrosanctis
722 1702 882 1780 mysteriis
891 1703 1120 1764 communicare

168 1804 377 1876 praesumant,
399 1820 472 1861 oum
494 1800 559 1861 sint
580 1800 740 1861 innumeri
761 1800 944 1867 innocentes
966 1802 998 1860 et
1019 1800 1121 1861 castis

16 1926 48 1956 e.
169 1896 266 1959 simae
286 1900 531 1961 conuersationis
551 1898 640 1977 pueri
660 1920 696 1961 ac
716 1900 847 1978 puellae,
864 1900 994 1960 iuuenes
1012 1902 1044 1959 et
1063 1899 1120 1959 uir·

15 1985 46 2015 ⁰¹
58 1983 149 2015 ‘'¹¹²¹''
169 1994 266 2072 gines,
284 2014 374 2056 senes
389 2000 420 2057 et
434 2016 523 2071 anus,
540 1997 594 2074 qui
611 1996 728 2074 ubsque
748 1996 815 2057 ullo
835 1996 981 2073 scrupulo
1001 1999 1122 2057 contro

169 2094 296 2168 nemias,
322 2095 410 2155 omni
437 2096 487 2156 die
509 2094 674 2172 dominico,
699 2096 766 2156 siue
790 2096 884 2155 etiam
908 2095 944 2157 in
969 2094 1121 2156 natalitiis

169 2198 348 2255 sanctorum
362 2194 580 2271 apostolorum,
597 2194 666 2255 siue
682 2197 866 2273 martyrum,
884 2195 1040 2271 quomodo
1053 2195 1120 2272 ipse

168 2294 202 2355 in
223 2295 330 2353 sancta
351 2293 493 2355 Romana
514 2296 546 2353 et
569 2291 738 2371 apostolica
761 2292 889 2354 ecclesia
912 2292 980 2353 fieri
1001 2292 1117 2369 uidisti,

168 2392 326 2469 mysteriis
340 2392 524 2453 caelestibus
538 2392 771 2453 communicare
781 2392 916 2453 ualeant.
947 2391 1014 2469 Ipsi
1023 2392 1120 2453 etiam

168 2490 333 2567 coniugati,
346 2492 373 2551 si
388 2491 458 2567 quis
471 2490 531 2551 sibi
545 2510 726 2551 mensuram
740 2490 950 2551 continentiae
964 2490 1117 2565 ostendat,

168 2592 199 2649 et
210 2590 361 2650 uirtutem
374 2590 527 2651 castitatis
541 2590 688 2666 insinuet,
700 2589 785 2649 idem
799 2592 832 2648 et
842 2589 974 2649 licenter
985 2588 1117 2666 possint,

168 2691 200 2749 et
214 2687 351 2749 libenter
364 2688 463 2749 lacere
476 2688 585 2749 uelint.

213 2790 258 2845 16.
280 2786 368 2847 Haec
381 2786 547 2861 tibisanct
548 2786 871 2859 issimeantistesett
871 2804 930 2845 uae
943 2784 1120 2845 dilectionis
1137 2796 1260 2841 musaeo

168 2885 202 2945 in
204 2885 295 2962 teitu,
312 2886 344 2947 et
358 2885 511 2963 generalis
531 2884 629 2962 gratia
649 2884 795 2945 utilitatis
816 2882 953 2945 breuiter
971 2856 1185 2944 adnotoro0¹1¹
1135 2915 1172 2960 uo
1171 2858 1240 2959 „⁸⁴

168 2984 282 3059 studui,
306 2985 446 3045 multum
466 2982 651 3057 desiderans,
669 2982 870 3061 multumque
890 2982 1066 3058 exhortans,
1084 2986 1120 3043 ut
1136 2975 1236 3031 nme

169 3084 296 3159 gentem
311 3084 453 3142 nostrum
470 3100 490 3142 a
510 3080 643 3141 uetustis
655 3080 837 3141 abstrahere
850 3099 938 3141 cures
951 3048 1168 3155 erroribus,⁸'

169 3184 201 3242 et
218 3182 257 3243 ad
279 3180 441 3241 certiorem
460 3200 477 3239 e
478 3176 722 3247 tdirecltiorem
742 3179 825 3240 uitae
845 3180 957 3239 callem
976 3180 1121 3240 reducere

169 3284 298 3359 satages.
356 3280 399 3341 Et
433 3279 461 3339 si
494 3282 570 3339 sunt
602 3278 699 3357 aliqui
727 3279 892 3341 cuiuslibet
916 3278 1032 3357 modus
1054 3280 1121 3340 siue

169 3380 288 3441 ordinis
308 3379 378 3453 uiri,
405 3378 460 3456 qui
482 3378 563 3439 bona
586 3380 642 3439 tuo
659 3382 766 3456 caepta
789 3380 925 3439 retinere
947 3381 1042 3455 atque
1065 3379 1121 3438 im·

168 3479 274 3555 pedire
288 3478 468 3553 conentur⁵‚
486 3479 642 3538 tutamen
664 3478 858 3554 propositum
880 3479 1005 3537 sanctae
1025 3476 1120 3537 uirtu-

169 3578 218 3653 tis,
244 3596 397 3654 supernae
418 3595 541 3636 memor
560 3574 785 3651 retributionis,
808 3576 848 3636 ad
869 3576 998 3636 firmum
1020 3594 1119 3653 usque

168 3676 266 3737 finem
286 3675 454 3754 perducere
478 3674 654 3737 contendas
700 3674 771 3735 Soio
792 3694 928 3753 namque
948 3672 1119 3735 nonnullos

200 3842 208 3873 ¹
225 3842 314 3893 ·reH.
406 3840 530 3892 ¹·siall.
626 3838 885 3903 ’peuecunetialb
974 3838 1117 3893 illoscm.

167 3920 204 3975 ll.
288 3918 454 3971 ¹·neturll.

608 4004 691 4049 ΕΗ
