2859 4334
267 215 380 320 'sec
583 254 740 321 natan
761 253 993 320 scertamen
1141 263 1208 330 [m
1223 270 1269 317 w.

315 449 405 488 meus
418 427 638 506 conpresbyter
654 429 804 507 Aedgils¹
819 428 978 503 referebat,
995 428 1050 506 qui
1066 430 1143 489 tunc
1160 428 1195 488 in
1209 428 1270 488 illo

314 529 504 588 monasterio
539 527 676 606 degebat.
736 528 850 588 Postea
883 529 997 602 autem,
1031 527 1271 587 discedentibus

315 628 388 687 inde
412 627 452 686 ob
474 626 697 686 desolationem
722 625 867 703 plurimis
890 625 1071 701 incolarum,
1098 627 1134 685 in
1158 630 1269 686 nostro

316 725 502 785 monasterio
524 725 658 801 plurimo
684 727 823 802 tompore
851 729 1059 798 conuersatus,
1086 724 1269 801 ibidemque

315 824 482 883 defunctus
496 827 550 883 est
596 823 682 883 Haec
699 824 769 883 ideo
789 826 913 884 nostrae
933 823 1081 883 historiae
1099 823 1269 883 inserenda
1410 809 1412 876 l

315 921 512 996 credidimus,
526 924 562 981 ut
573 922 813 982 admoneremus
823 921 971 980 lectorem
981 940 1112 997 operum
1124 921 1264 994 Domini,

315 1039 410 1096 quam
439 1020 587 1079 terribilis
614 1019 649 1079 in
673 1019 814 1080 consiliis
849 1039 943 1095 super
968 1018 1052 1079 filios
1078 1019 1409 1092 hominum312111v.c

315 1137 356 1176 ne
365 1118 446 1178 forte
457 1139 515 1179 nos
525 1123 664 1196 tempore
675 1121 779 1198 aliquo
790 1121 891 1181 carnis
901 1120 1067 1180 inlecebris
1080 1120 1265 1194 sentientes,

315 1215 483 1294 minusque
504 1218 563 1278 Dei
590 1219 741 1279 iudicium
768 1220 979 1291 formidantes,
1003 1219 1170 1295 repentina
1198 1218 1269 1279 cius

315 1315 360 1374 im
374 1315 526 1392 corripiat,
544 1320 576 1377 et
590 1319 641 1378 uel
653 1318 878 1395 temporalibus
891 1317 1015 1378 damnis
1027 1317 1110 1377 iuste
1124 1317 1271 1378 saeuiens

315 1414 438 1491 affligat,
457 1416 508 1474 uel
530 1416 568 1477 ad
589 1421 771 1495 perpetuam
790 1418 1001 1494 perditionem
1020 1417 1194 1477 districtius
1214 1437 1270 1477 ex·

316 1514 461 1574 eminans
478 1515 576 1576 tollat.

593 1771 685 1831 cnr.
711 1771 823 1832 xxiv
837 1768 986 1852 [ψη.

537 1949 569 1992 De
580 1951 649 1994 morte
659 1948 766 2006 Ecurridi
774 1941 784 1971 ⁸
793 1950 814 1995 et
824 1945 945 1994 fluum·
956 1961 1044 2006 renum.

356 2081 450 2140 Anno
464 2079 638 2139 dominicae
652 2081 873 2141 incarnationis
888 2081 1149 2142 DCLXXXIIII.
1192 2083 1273 2161 Ecg·

142 2159 187 2247 exn
224 2159 261 2215 Ψ
316 2179 376 2238 frid
407 2197 459 2237 rex
488 2177 832 2257 Nordanhymbrorum,
860 2179 957 2239 misso
982 2181 1169 2240 Hibernium
1194 2201 1273 2242 cum

159 2337 196 2366 .1›.
251 2355 257 2367 ¹
316 2277 452 2336 exercitu
479 2277 557 2336 duce
586 2278 725 2352 Bercto⁴,
757 2279 892 2339 uastauit
921 2279 1036 2340 misere
1063 2285 1192 2357 gentem
1219 2282 1272 2341 in·

302 2375 452 2450 ,noxiam
481 2378 512 2435 et
536 2376 657 2436 nationi
681 2377 860 2453 Anglorum
887 2398 1010 2455 semper
1033 2379 1269 2447 amicissimam,

316 2476 360 2533 ita
387 2477 423 2533 ut
451 2493 491 2533 ne
518 2473 655 2534 ecclesiis
682 2476 811 2552 quidem
841 2483 896 2537 aut
922 2478 1122 2538 monasteriis
1152 2497 1273 2538 manus

317 2575 453 2650 parceret
477 2573 609 2633 hostilis.
655 2575 701 2634 At
722 2574 860 2635 insulani
884 2578 924 2649 et,
950 2579 1105 2652 quantum
1128 2577 1269 2647 ualume,

316 2672 413 2731 armis
426 2691 512 2730 arma
522 2672 723 2748 repellebant,
737 2676 769 2732 et
782 2674 963 2734 inuocantes
973 2673 1100 2734 diuinae
1112 2675 1272 2736 auxilium
1411 2729 1412 2732 ,

317 2771 450 2846 pietatis,
465 2771 594 2830 caelitus
609 2791 641 2830 se
656 2772 805 2831 uindicari
815 2773 973 2832 continuis
985 2773 1040 2833 diu
1055 2775 1273 2850 inprecationi·
1410 2765 1412 2838 l

317 2869 377 2928 bus
395 2869 601 2945 postulabant
646 2871 689 2931 Et
707 2873 853 2947 quamuis
872 2872 1038 2932 maledici⁶
1056 2891 1192 2950 regnum
1210 2875 1271 2934 Dei
1289 2893 1412 2959 renes,

316 2967 473 3044 possidere
493 2987 557 3027 non
582 2969 711 3044 possint,
734 2970 887 3029 creditum
908 2973 1092 3046 esttamen,
1114 2973 1200 3049 quod
1223 2973 1268 3046 hi,
1286 2960 1377 3064 ἓξὲξ
1389 2955 1412 3034 ¹⁸1

317 3067 371 3143 qui
406 3067 518 3126 merito
553 3067 726 3144 impietatis
762 3087 836 3128 suae
870 3069 1144 3146 maledicebantur,
1183 3071 1272 3132 ocius

318 3165 453 3225 Domino
470 3165 594 3226 uindice
612 3186 727 3242 poenus
745 3168 794 3226 sui
811 3171 914 3228 reatus
930 3168 1061 3229 luerent
1106 3169 1270 3247 Siquidem

317 3284 400 3323 anno
414 3271 484 3340 post
498 3263 583 3323 hunc
597 3266 740 3340 proximo
754 3266 838 3325 idem
853 3285 915 3338 rex,
933 3287 1006 3326 cum
1020 3271 1140 3328 temere
1153 3270 1270 3329 exerci-

316 3366 387 3422 tum
418 3364 455 3423 ud
489 3364 671 3423 uastandam
700 3365 863 3424 Pictorum
893 3366 1086 3442 prouinciam
1116 3368 1267 3441 duxisset,

317 3457 456 3517 multum
490 3458 729 3534 prohibentibus
765 3460 883 3535 amicis,
921 3464 954 3521 et
989 3464 1128 3522 maxime
1162 3465 1272 3524 beabo

317 3556 486 3616 memoriae
500 3557 673 3617 Gudbercto
683 3559 700 3632 ⁶,
719 3559 773 3633 qui
787 3579 888 3635 nuper
904 3559 1005 3620 fuerat
1025 3562 1191 3623 ordinatus
1210 3565 1272 3641 epi·

317 3674 436 3730 scopus,
448 3654 645 3716 introductus
658 3660 713 3730 est,
736 3654 741 3736 Ι
758 3656 981 3718 simulantibus
994 3660 1104 3737 lugam
1114 3661 1267 3736 hostibus,
1288 3673 1345 3720 tes
1356 3689 1376 3718 e

351 3832 357 3860 ¹
375 3832 706 3896 -gnd,auercea-gflsN;
723 3835 957 3899 edgislc².13.(?).
1019 3837 1030 3866 ¹
1045 3840 1098 3888 001.
1108 3841 1137 3890 ρ,
1204 3843 1272 3892 ,49

318 3911 348 3961 c.
423 3911 587 3964 ⁴berhtoc.
662 3914 800 3964 ³liciis.
874 3913 1073 3978 ⁸-bercht00;
1091 3919 1223 3970 bertolt.
