<?xml version="1.0" encoding="UTF-8"?>
<!DOCTYPE html PUBLIC "-//W3C//DTD XHTML 1.0 Transitional//EN"
    "http://www.w3.org/TR/xhtml1/DTD/xhtml1-transitional.dtd">
<html xmlns="http://www.w3.org/1999/xhtml" xml:lang="en" lang="en">
 <head>
  <title>
</title>
<meta http-equiv="Content-Type" content="text/html;charset=utf-8" />
  <meta name='ocr-system' content='tesseract 3.04.00' />
  <meta name='ocr-capabilities' content='ocr_page ocr_carea ocr_par ocr_line ocrx_word'/>
</head>
<body>
  <div class='ocr_page' id='page_1' title='image "./venerabilisbaed03plumgoog_0255.png"; bbox 0 0 2859 4334; ppageno 0'>
   <div class='ocr_carea' id='block_1_1' title="bbox 137 135 788 248">
    <p class='ocr_par' dir='ltr' id='par_1_1' title="bbox 137 135 788 248">
     <span class='ocr_line' id='line_1_1' title="bbox 137 135 788 248; baseline 0 -20"><span class='ocrx_word' id='word_1_1' title='bbox 137 181 196 230; x_wconf 69' lang='lat' dir='ltr'>cn.</span> <span class='ocrx_word' id='word_1_2' title='bbox 211 173 319 239; x_wconf 64' lang='lat' dir='ltr'>xxix]</span> <span class='ocrx_word' id='word_1_3' title='bbox 446 163 561 230; x_wconf 81' lang='lat' dir='ltr'>Gentis</span> <span class='ocrx_word' id='word_1_4' title='bbox 582 135 788 248; x_wconf 69' lang='lat' dir='ltr'>Anplmmnr.</span> 
     </span>
    </p>
   </div>
   <div class='ocr_carea' id='block_1_2' title="bbox 142 389 1091 599">
    <p class='ocr_par' dir='ltr' id='par_1_2' title="bbox 142 389 1091 599">
     <span class='ocr_line' id='line_1_2' title="bbox 495 389 734 452; baseline -0.008 0"><span class='ocrx_word' id='word_1_5' title='bbox 495 389 587 452; x_wconf 80' lang='lat' dir='ltr'>cnP.</span> <span class='ocrx_word' id='word_1_6' title='bbox 612 389 734 450; x_wconf 75' lang='lat' dir='ltr'>XXIX</span> 
     </span>
     <span class='ocr_line' id='line_1_3' title="bbox 142 539 1091 599; baseline -0.003 -11"><span class='ocrx_word' id='word_1_7' title='bbox 142 543 171 589; x_wconf 87' lang='lat' dir='ltr'>Ut</span> <span class='ocrx_word' id='word_1_8' title='bbox 180 543 243 588; x_wconf 70' lang='lat' dir='ltr'>ritem</span> <span class='ocrx_word' id='word_1_9' title='bbox 253 541 389 599; x_wconf 63' lang='lat' dir='ltr'>Ammine</span> <span class='ocrx_word' id='word_1_10' title='bbox 395 542 498 598; x_wconf 74' lang='lat' dir='ltr'>pastam</span> <span class='ocrx_word' id='word_1_11' title='bbox 509 544 529 587; x_wconf 86' lang='lat' dir='ltr'>et</span> <span class='ocrx_word' id='word_1_12' title='bbox 539 541 662 598; x_wconf 60' lang='lat' dir='ltr'>mentam</span> <span class='ocrx_word' id='word_1_13' title='bbox 672 544 692 588; x_wconf 84' lang='lat' dir='ltr'>et</span> <span class='ocrx_word' id='word_1_14' title='bbox 698 542 779 598; x_wconf 83' lang='lat' dir='ltr'>plnres</span> <span class='ocrx_word' id='word_1_15' title='bbox 788 542 854 588; x_wconf 78' lang='lat' dir='ltr'>uerti</span> <span class='ocrx_word' id='word_1_16' title='bbox 864 541 985 587; x_wconf 78' lang='lat' dir='ltr'>ministros</span> <span class='ocrx_word' id='word_1_17' title='bbox 995 539 1091 586; x_wconf 81' lang='lat' dir='ltr'>miserit.</span> 
     </span>
    </p>
   </div>
   <div class='ocr_carea' id='block_1_3' title="bbox 41 673 1265 3898">
    <p class='ocr_par' dir='ltr' id='par_1_3' title="bbox 41 673 1265 3898">
     <span class='ocr_line' id='line_1_4' title="bbox 41 673 1222 751; baseline 0.004 -23"><span class='ocrx_word' id='word_1_18' title='bbox 41 687 76 728; x_wconf 68' lang='lat' dir='ltr'>an.</span> <span class='ocrx_word' id='word_1_19' title='bbox 86 685 113 728; x_wconf 80' lang='lat' dir='ltr'>u.</span> <span class='ocrx_word' id='word_1_20' title='bbox 181 673 375 734; x_wconf 77' lang='lat' dir='ltr'>Pansrssnn</span> <span class='ocrx_word' id='word_1_21' title='bbox 386 673 469 734; x_wconf 89' lang='lat' dir='ltr'>idem</span> <span class='ocrx_word' id='word_1_22' title='bbox 479 691 557 750; x_wconf 83' lang='lat' dir='ltr'>papa</span> <span class='ocrx_word' id='word_1_23' title='bbox 572 673 740 750; x_wconf 81' lang='lat' dir='ltr'><strong>Gregorius</strong></span> <span class='ocrx_word' id='word_1_24' title='bbox 749 675 927 751; x_wconf 79' lang='lat' dir='ltr'><strong>Augustino</strong></span> <span class='ocrx_word' id='word_1_25' title='bbox 938 673 1088 751; x_wconf 88' lang='lat' dir='ltr'>episeopo,</span> <span class='ocrx_word' id='word_1_26' title='bbox 1109 688 1222 744; x_wconf 76' lang='lat' dir='ltr'>sregory</span> 
     </span>
     <span class='ocr_line' id='line_1_5' title="bbox 41 743 1247 852; baseline 0 -20"><span class='ocrx_word' id='word_1_27' title='bbox 41 743 110 846; x_wconf 47' lang='lat' dir='ltr'>&#39;lm&#39;</span> <span class='ocrx_word' id='word_1_28' title='bbox 140 772 213 852; x_wconf 90' lang='lat' dir='ltr'>quia</span> <span class='ocrx_word' id='word_1_29' title='bbox 231 775 427 850; x_wconf 76' lang='lat' dir='ltr'>suggesserat</span> <span class='ocrx_word' id='word_1_30' title='bbox 447 772 476 831; x_wconf 93' lang='lat' dir='ltr'>ei</span> <span class='ocrx_word' id='word_1_31' title='bbox 493 771 627 832; x_wconf 85' lang='lat' dir='ltr'>multam</span> <span class='ocrx_word' id='word_1_32' title='bbox 647 771 773 850; x_wconf 89' lang='lat' dir='ltr'>quidem</span> <span class='ocrx_word' id='word_1_33' title='bbox 789 773 848 832; x_wconf 84' lang='lat' dir='ltr'>sibi</span> <span class='ocrx_word' id='word_1_34' title='bbox 860 792 928 832; x_wconf 85' lang='lat' dir='ltr'>esse</span> <span class='ocrx_word' id='word_1_35' title='bbox 945 792 1088 847; x_wconf 80' lang='lat' dir='ltr'>messem,</span> <span class='ocrx_word' id='word_1_36' title='bbox 1109 749 1247 852; x_wconf 55' lang='lat' dir='ltr'>fflssm</span> 
     </span>
     <span class='ocr_line' id='line_1_6' title="bbox 138 867 1210 970; baseline -0.002 -39"><span class='ocrx_word' id='word_1_37' title='bbox 138 871 193 931; x_wconf 85' lang='lat' dir='ltr'>sed</span> <span class='ocrx_word' id='word_1_38' title='bbox 207 871 364 948; x_wconf 80' lang='lat' dir='ltr'>operarios</span> <span class='ocrx_word' id='word_1_39' title='bbox 378 890 501 948; x_wconf 84' lang='lat' dir='ltr'>paucos,</span> <span class='ocrx_word' id='word_1_40' title='bbox 515 870 602 930; x_wconf 88' lang='lat' dir='ltr'>misit</span> <span class='ocrx_word' id='word_1_41' title='bbox 613 889 685 929; x_wconf 89' lang='lat' dir='ltr'>eum</span> <span class='ocrx_word' id='word_1_42' title='bbox 699 870 845 946; x_wconf 78' lang='lat' dir='ltr'>praetatis</span> <span class='ocrx_word' id='word_1_43' title='bbox 858 870 1013 946; x_wconf 83' lang='lat' dir='ltr'>legatariis</span> <span class='ocrx_word' id='word_1_44' title='bbox 1026 870 1092 930; x_wconf 87' lang='lat' dir='ltr'>suis</span> <span class='ocrx_word' id='word_1_45' title='bbox 1108 867 1210 970; x_wconf 41' lang='lat' dir='ltr'>{32:¹ss</span> 
     </span>
     <span class='ocr_line' id='line_1_7' title="bbox 138 959 1265 1046; baseline 0 -18"><span class='ocrx_word' id='word_1_46' title='bbox 138 970 246 1046; x_wconf 88' lang='lat' dir='ltr'>plures</span> <span class='ocrx_word' id='word_1_47' title='bbox 257 973 468 1045; x_wconf 79' lang='lat' dir='ltr'>cooperatores</span> <span class='ocrx_word' id='word_1_48' title='bbox 478 988 513 1028; x_wconf 89' lang='lat' dir='ltr'>ae</span> <span class='ocrx_word' id='word_1_49' title='bbox 527 967 615 1028; x_wconf 89' lang='lat' dir='ltr'>uerbi</span> <span class='ocrx_word' id='word_1_50' title='bbox 625 968 806 1044; x_wconf 82' lang='lat' dir='ltr'>ministros3</span> <span class='ocrx_word' id='word_1_51' title='bbox 828 969 861 1028; x_wconf 92' lang='lat' dir='ltr'>in</span> <span class='ocrx_word' id='word_1_52' title='bbox 873 969 985 1045; x_wconf 85' lang='lat' dir='ltr'>quibus</span> <span class='ocrx_word' id='word_1_53' title='bbox 999 968 1092 1045; x_wconf 89' lang='lat' dir='ltr'>primi</span> <span class='ocrx_word' id='word_1_54' title='bbox 1108 985 1172 1030; x_wconf 77' lang='lat' dir='ltr'>with</span> <span class='ocrx_word' id='word_1_55' title='bbox 1187 959 1265 1040; x_wconf 59' lang='lat' dir='ltr'>abel·</span> 
     </span>
     <span class='ocr_line' id='line_1_8' title="bbox 138 1044 1236 1149; baseline -0.002 -21"><span class='ocrx_word' id='word_1_56' title='bbox 138 1071 169 1128; x_wconf 86' lang='lat' dir='ltr'>et</span> <span class='ocrx_word' id='word_1_57' title='bbox 178 1067 336 1145; x_wconf 76' lang='lat' dir='ltr'>praecipui</span> <span class='ocrx_word' id='word_1_58' title='bbox 345 1066 585 1140; x_wconf 86' lang='lat' dir='ltr'>erantMellitus,</span> <span class='ocrx_word' id='word_1_59' title='bbox 593 1067 710 1143; x_wconf 89' lang='lat' dir='ltr'>Iustus,</span> <span class='ocrx_word' id='word_1_60' title='bbox 719 1066 879 1142; x_wconf 88' lang='lat' dir='ltr'>Paulinus,</span> <span class='ocrx_word' id='word_1_61' title='bbox 887 1066 1091 1141; x_wconf 55' lang='lat' dir='ltr'>Rufinianum</span> <span class='ocrx_word' id='word_1_62' title='bbox 1108 1044 1236 1149; x_wconf 46' lang='lat' dir='ltr'>{wa}</span> 
     </span>
     <span class='ocr_line' id='line_1_9' title="bbox 138 1163 1255 1266; baseline -0.001 -40"><span class='ocrx_word' id='word_1_63' title='bbox 138 1170 169 1227; x_wconf 91' lang='lat' dir='ltr'>et</span> <span class='ocrx_word' id='word_1_64' title='bbox 190 1186 247 1244; x_wconf 89' lang='lat' dir='ltr'>per</span> <span class='ocrx_word' id='word_1_65' title='bbox 265 1185 317 1226; x_wconf 90' lang='lat' dir='ltr'>eos</span> <span class='ocrx_word' id='word_1_66' title='bbox 337 1165 522 1243; x_wconf 78' lang='lat' dir='ltr'>generaliter</span> <span class='ocrx_word' id='word_1_67' title='bbox 540 1166 694 1240; x_wconf 83' lang='lat' dir='ltr'>uniuersa,</span> <span class='ocrx_word' id='word_1_68' title='bbox 712 1186 791 1242; x_wconf 86' lang='lat' dir='ltr'>quae</span> <span class='ocrx_word' id='word_1_69' title='bbox 809 1167 848 1227; x_wconf 88' lang='lat' dir='ltr'>ad</span> <span class='ocrx_word' id='word_1_70' title='bbox 868 1166 989 1226; x_wconf 84' lang='lat' dir='ltr'>cultum</span> <span class='ocrx_word' id='word_1_71' title='bbox 1004 1169 1092 1226; x_wconf 84' lang='lat' dir='ltr'>erant</span> <span class='ocrx_word' id='word_1_72' title='bbox 1108 1163 1255 1266; x_wconf 43' lang='lat' dir='ltr'>*gumm-</span> 
     </span>
     <span class='ocr_line' id='line_1_10' title="bbox 137 1235 1220 1339; baseline 0.002 -14"><span class='ocrx_word' id='word_1_73' title='bbox 137 1285 172 1326; x_wconf 79' lang='lat' dir='ltr'>se</span> <span class='ocrx_word' id='word_1_74' title='bbox 185 1263 400 1325; x_wconf 88' lang='lat' dir='ltr'>ministerium</span> <span class='ocrx_word' id='word_1_75' title='bbox 411 1264 554 1324; x_wconf 81' lang='lat' dir='ltr'>ecelesiae</span> <span class='ocrx_word' id='word_1_76' title='bbox 568 1265 747 1338; x_wconf 81' lang='lat' dir='ltr'>necessaria,</span> <span class='ocrx_word' id='word_1_77' title='bbox 758 1284 832 1325; x_wconf 80' lang='lat' dir='ltr'>ussa</span> <span class='ocrx_word' id='word_1_78' title='bbox 842 1263 986 1324; x_wconf 82' lang='lat' dir='ltr'>uidelicet</span> <span class='ocrx_word' id='word_1_79' title='bbox 996 1283 1089 1339; x_wconf 86' lang='lat' dir='ltr'>saera,</span> <span class='ocrx_word' id='word_1_80' title='bbox 1109 1235 1176 1327; x_wconf 51' lang='lat' dir='ltr'>eonio</span> <span class='ocrx_word' id='word_1_81' title='bbox 1188 1237 1220 1277; x_wconf 48' lang='grc' dir='ltr'>η’</span> 
     </span>
     <span class='ocr_line' id='line_1_11' title="bbox 138 1360 1089 1439; baseline -0.001 -17"><span class='ocrx_word' id='word_1_82' title='bbox 138 1367 170 1424; x_wconf 86' lang='lat' dir='ltr'>et</span> <span class='ocrx_word' id='word_1_83' title='bbox 186 1362 376 1422; x_wconf 86' lang='lat' dir='ltr'>uestimenta</span> <span class='ocrx_word' id='word_1_84' title='bbox 389 1360 543 1436; x_wconf 84' lang='lat' dir='ltr'>alterium,</span> <span class='ocrx_word' id='word_1_85' title='bbox 556 1364 736 1421; x_wconf 81' lang='lat' dir='ltr'>ornamenta</span> <span class='ocrx_word' id='word_1_86' title='bbox 747 1381 869 1439; x_wconf 90' lang='lat' dir='ltr'>quoque</span> <span class='ocrx_word' id='word_1_87' title='bbox 883 1361 1089 1437; x_wconf 82' lang='lat' dir='ltr'>eeclesiarum,</span> 
     </span>
     <span class='ocr_line' id='line_1_12' title="bbox 137 1458 1092 1534; baseline 0 -14"><span class='ocrx_word' id='word_1_88' title='bbox 137 1463 169 1520; x_wconf 86' lang='lat' dir='ltr'>et</span> <span class='ocrx_word' id='word_1_89' title='bbox 179 1459 381 1520; x_wconf 78' lang='lat' dir='ltr'>sacerdotalis</span> <span class='ocrx_word' id='word_1_90' title='bbox 390 1459 442 1519; x_wconf 92' lang='lat' dir='ltr'>uel</span> <span class='ocrx_word' id='word_1_91' title='bbox 453 1458 595 1518; x_wconf 83' lang='lat' dir='ltr'>elen&#39;eilia</span> <span class='ocrx_word' id='word_1_92' title='bbox 605 1459 798 1534; x_wconf 82' lang='lat' dir='ltr'>indumenta,</span> <span class='ocrx_word' id='word_1_93' title='bbox 810 1463 990 1520; x_wconf 85' lang='lat' dir='ltr'>sanctorum</span> <span class='ocrx_word' id='word_1_94' title='bbox 998 1461 1092 1520; x_wconf 87' lang='lat' dir='ltr'>etiam</span> 
     </span>
     <span class='ocr_line' id='line_1_13' title="bbox 137 1557 1093 1638; baseline 0 -18"><span class='ocrx_word' id='word_1_95' title='bbox 137 1558 352 1638; x_wconf 74' lang='lat' dir='ltr'>apostolorum</span> <span class='ocrx_word' id='word_1_96' title='bbox 367 1577 401 1618; x_wconf 83' lang='lat' dir='ltr'>eo</span> <span class='ocrx_word' id='word_1_97' title='bbox 416 1561 591 1635; x_wconf 82' lang='lat' dir='ltr'>martyrum</span> <span class='ocrx_word' id='word_1_98' title='bbox 606 1557 761 1635; x_wconf 89' lang='lat' dir='ltr'>reliquias,</span> <span class='ocrx_word' id='word_1_99' title='bbox 779 1579 836 1619; x_wconf 88' lang='lat' dir='ltr'>neo</span> <span class='ocrx_word' id='word_1_100' title='bbox 850 1579 915 1619; x_wconf 92' lang='lat' dir='ltr'>non</span> <span class='ocrx_word' id='word_1_101' title='bbox 929 1562 960 1619; x_wconf 89' lang='lat' dir='ltr'>et</span> <span class='ocrx_word' id='word_1_102' title='bbox 975 1560 1093 1620; x_wconf 78' lang='lat' dir='ltr'>codices</span> 
     </span>
     <span class='ocr_line' id='line_1_14' title="bbox 138 1657 1092 1736; baseline 0.001 -18"><span class='ocrx_word' id='word_1_103' title='bbox 138 1658 303 1736; x_wconf 88' lang='lat' dir='ltr'>plurimos.</span> <span class='ocrx_word' id='word_1_104' title='bbox 347 1657 434 1718; x_wconf 84' lang='lat' dir='ltr'>Misit</span> <span class='ocrx_word' id='word_1_105' title='bbox 460 1659 554 1717; x_wconf 84' lang='lat' dir='ltr'>etism</span> <span class='ocrx_word' id='word_1_106' title='bbox 583 1657 710 1734; x_wconf 79' lang='lat' dir='ltr'>litteras,</span> <span class='ocrx_word' id='word_1_107' title='bbox 736 1658 770 1718; x_wconf 90' lang='lat' dir='ltr'>in</span> <span class='ocrx_word' id='word_1_108' title='bbox 797 1658 909 1736; x_wconf 74' lang='lat' dir='ltr'>qualrus</span> <span class='ocrx_word' id='word_1_109' title='bbox 937 1658 1092 1736; x_wconf 80' lang='lat' dir='ltr'>significet</span> 
     </span>
     <span class='ocr_line' id='line_1_15' title="bbox 139 1755 1093 1835; baseline -0.001 -18"><span class='ocrx_word' id='word_1_110' title='bbox 139 1776 174 1817; x_wconf 92' lang='lat' dir='ltr'>se</span> <span class='ocrx_word' id='word_1_111' title='bbox 194 1757 223 1817; x_wconf 91' lang='lat' dir='ltr'>ei</span> <span class='ocrx_word' id='word_1_112' title='bbox 238 1756 370 1834; x_wconf 86' lang='lat' dir='ltr'>pallium</span> <span class='ocrx_word' id='word_1_113' title='bbox 384 1756 538 1828; x_wconf 82' lang='lat' dir='ltr'>direxisse,</span> <span class='ocrx_word' id='word_1_114' title='bbox 556 1755 652 1815; x_wconf 90' lang='lat' dir='ltr'>simul</span> <span class='ocrx_word' id='word_1_115' title='bbox 671 1759 703 1816; x_wconf 86' lang='lat' dir='ltr'>et</span> <span class='ocrx_word' id='word_1_116' title='bbox 721 1756 869 1832; x_wconf 87' lang='lat' dir='ltr'>insinuat,</span> <span class='ocrx_word' id='word_1_117' title='bbox 886 1757 1020 1834; x_wconf 84' lang='lat' dir='ltr'>qualiter</span> <span class='ocrx_word' id='word_1_118' title='bbox 1034 1757 1093 1835; x_wconf 91' lang='lat' dir='ltr'>epi·</span> 
     </span>
     <span class='ocr_line' id='line_1_16' title="bbox 137 1853 1092 1932; baseline -0.001 -17"><span class='ocrx_word' id='word_1_119' title='bbox 137 1875 251 1932; x_wconf 82' lang='lat' dir='ltr'>scopos</span> <span class='ocrx_word' id='word_1_120' title='bbox 281 1855 315 1914; x_wconf 89' lang='lat' dir='ltr'>in</span> <span class='ocrx_word' id='word_1_121' title='bbox 347 1853 503 1914; x_wconf 77' lang='lat' dir='ltr'>Brittania</span> <span class='ocrx_word' id='word_1_122' title='bbox 535 1853 721 1914; x_wconf 82' lang='lat' dir='ltr'>constituere</span> <span class='ocrx_word' id='word_1_123' title='bbox 750 1853 927 1929; x_wconf 86' lang='lat' dir='ltr'>debuisset;</span> <span class='ocrx_word' id='word_1_124' title='bbox 959 1873 1092 1931; x_wconf 87' lang='lat' dir='ltr'>quarum</span> 
     </span>
     <span class='ocr_line' id='line_1_17' title="bbox 137 1952 612 2014; baseline -0.004 0"><span class='ocrx_word' id='word_1_125' title='bbox 137 1953 318 2014; x_wconf 80' lang='lat' dir='ltr'>litterarum</span> <span class='ocrx_word' id='word_1_126' title='bbox 339 1952 398 2012; x_wconf 92' lang='lat' dir='ltr'>iste</span> <span class='ocrx_word' id='word_1_127' title='bbox 419 1955 466 2012; x_wconf 85' lang='lat' dir='ltr'>est</span> <span class='ocrx_word' id='word_1_128' title='bbox 487 1954 612 2012; x_wconf 85' lang='lat' dir='ltr'>textus:</span> 
     </span>
     <span class='ocr_line' id='line_1_18' title="bbox 50 2050 1093 2130; baseline 0.005 -24"><span class='ocrx_word' id='word_1_129' title='bbox 50 2077 71 2106; x_wconf 69' lang='lat' dir='ltr'>a.</span> <span class='ocrx_word' id='word_1_130' title='bbox 178 2051 183 2130; x_wconf 80' lang='grc' dir='ltr'>Ι</span> <span class='ocrx_word' id='word_1_131' title='bbox 207 2051 466 2112; x_wconf 78' lang='lat' dir='ltr'>‘Reuerentissimo</span> <span class='ocrx_word' id='word_1_132' title='bbox 488 2054 516 2110; x_wconf 88' lang='lat' dir='ltr'>et</span> <span class='ocrx_word' id='word_1_133' title='bbox 541 2052 724 2111; x_wconf 58' lang='lat' dir='ltr'>sanctisimo</span> <span class='ocrx_word' id='word_1_134' title='bbox 743 2051 838 2125; x_wconf 84' lang='lat' dir='ltr'>srotri</span> <span class='ocrx_word' id='word_1_135' title='bbox 857 2050 1028 2128; x_wconf 78' lang='lat' dir='ltr'>Aupnstine</span> <span class='ocrx_word' id='word_1_136' title='bbox 1052 2069 1093 2111; x_wconf 78' lang='lat' dir='ltr'>ee</span> 
     </span>
     <span class='ocr_line' id='line_1_19' title="bbox 135 2151 798 2228; baseline -0.002 -18"><span class='ocrx_word' id='word_1_137' title='bbox 135 2153 274 2228; x_wconf 82' lang='lat' dir='ltr'>episeopo</span> <span class='ocrx_word' id='word_1_138' title='bbox 289 2151 443 2225; x_wconf 76' lang='lat' dir='ltr'>Greporim</span> <span class='ocrx_word' id='word_1_139' title='bbox 454 2167 556 2212; x_wconf 80' lang='lat' dir='ltr'>senem</span> <span class='ocrx_word' id='word_1_140' title='bbox 568 2167 720 2210; x_wconf 76' lang='lat' dir='ltr'>semiorum</span> <span class='ocrx_word' id='word_1_141' title='bbox 732 2151 798 2211; x_wconf 83' lang='lat' dir='ltr'>Dei.</span> 
     </span>
     <span class='ocr_line' id='line_1_20' title="bbox 181 2249 1093 2324; baseline -0.002 -12"><span class='ocrx_word' id='word_1_142' title='bbox 181 2249 258 2312; x_wconf 76' lang='lat' dir='ltr'>sum</span> <span class='ocrx_word' id='word_1_143' title='bbox 272 2253 379 2309; x_wconf 80' lang='lat' dir='ltr'>eertum</span> <span class='ocrx_word' id='word_1_144' title='bbox 392 2251 430 2309; x_wconf 87' lang='lat' dir='ltr'>sit</span> <span class='ocrx_word' id='word_1_145' title='bbox 437 2267 494 2324; x_wconf 84' lang='lat' dir='ltr'>pro</span> <span class='ocrx_word' id='word_1_146' title='bbox 507 2251 695 2324; x_wconf 74' lang='lat' dir='ltr'>omnipotente</span> <span class='ocrx_word' id='word_1_147' title='bbox 704 2251 767 2310; x_wconf 88' lang='lat' dir='ltr'>Deo</span> <span class='ocrx_word' id='word_1_148' title='bbox 781 2250 980 2310; x_wconf 82' lang='lat' dir='ltr'>laborantibus</span> <span class='ocrx_word' id='word_1_149' title='bbox 992 2249 1093 2323; x_wconf 80' lang='lat' dir='ltr'>ineffe-</span> 
     </span>
     <span class='ocr_line' id='line_1_21' title="bbox 134 2349 1164 2423; baseline -0.001 -13"><span class='ocrx_word' id='word_1_150' title='bbox 134 2350 214 2410; x_wconf 76' lang='lat' dir='ltr'>enta</span> <span class='ocrx_word' id='word_1_151' title='bbox 237 2349 347 2408; x_wconf 81' lang='lat' dir='ltr'>oeterni</span> <span class='ocrx_word' id='word_1_152' title='bbox 369 2349 452 2422; x_wconf 81' lang='lat' dir='ltr'>repni</span> <span class='ocrx_word' id='word_1_153' title='bbox 470 2349 605 2423; x_wconf 82' lang='lat' dir='ltr'>praemia</span> <span class='ocrx_word' id='word_1_154' title='bbox 628 2350 793 2421; x_wconf 67' lang='lat' dir='ltr'>reserum,-</span> <span class='ocrx_word' id='word_1_155' title='bbox 823 2350 907 2408; x_wconf 81' lang='lat' dir='ltr'>nobie</span> <span class='ocrx_word' id='word_1_156' title='bbox 930 2353 1027 2409; x_wconf 77' lang='lat' dir='ltr'>tenen</span> <span class='ocrx_word' id='word_1_157' title='bbox 1051 2351 1092 2410; x_wconf 87' lang='lat' dir='ltr'>eis</span> <span class='ocrx_word' id='word_1_158' title='bbox 1161 2385 1164 2388; x_wconf 89' lang='lat'><strong>·</strong></span> 
     </span>
     <span class='ocr_line' id='line_1_22' title="bbox 130 2447 1093 2523; baseline -0.002 -13"><span class='ocrx_word' id='word_1_159' title='bbox 130 2465 252 2510; x_wconf 72' lang='lat' dir='ltr'>neeesse</span> <span class='ocrx_word' id='word_1_160' title='bbox 264 2451 307 2506; x_wconf 85' lang='lat' dir='ltr'>est</span> <span class='ocrx_word' id='word_1_161' title='bbox 319 2447 458 2507; x_wconf 76' lang='lat' dir='ltr'>hennum</span> <span class='ocrx_word' id='word_1_162' title='bbox 468 2448 604 2520; x_wconf 78' lang='lat' dir='ltr'>beneficia</span> <span class='ocrx_word' id='word_1_163' title='bbox 614 2449 744 2522; x_wconf 79' lang='lat' dir='ltr'>tribuere,</span> <span class='ocrx_word' id='word_1_164' title='bbox 754 2451 789 2506; x_wconf 82' lang='lat' dir='ltr'>nt</span> <span class='ocrx_word' id='word_1_165' title='bbox 802 2448 835 2507; x_wconf 85' lang='lat' dir='ltr'>in</span> <span class='ocrx_word' id='word_1_166' title='bbox 847 2449 988 2522; x_wconf 83' lang='lat' dir='ltr'>spiritatis</span> <span class='ocrx_word' id='word_1_167' title='bbox 1001 2449 1093 2523; x_wconf 79' lang='lat' dir='ltr'>operis</span> 
     </span>
     <span class='ocr_line' id='line_1_23' title="bbox 130 2546 1093 2622; baseline -0.001 -15"><span class='ocrx_word' id='word_1_168' title='bbox 130 2547 237 2607; x_wconf 61' lang='lat' dir='ltr'>dudio</span> <span class='ocrx_word' id='word_1_169' title='bbox 247 2563 281 2606; x_wconf 80' lang='lat' dir='ltr'>es</span> <span class='ocrx_word' id='word_1_170' title='bbox 293 2547 523 2606; x_wconf 80' lang='lat' dir='ltr'>rnnmreretiene</span> <span class='ocrx_word' id='word_1_171' title='bbox 535 2547 654 2606; x_wconf 69' lang='lat' dir='ltr'>nument</span> <span class='ocrx_word' id='word_1_172' title='bbox 667 2546 857 2622; x_wconf 66' lang='lat' dir='ltr'>multiplicius</span> <span class='ocrx_word' id='word_1_173' title='bbox 869 2547 1013 2607; x_wconf 82' lang='lat' dir='ltr'>insudare.</span> <span class='ocrx_word' id='word_1_174' title='bbox 1049 2547 1093 2606; x_wconf 84' lang='lat' dir='ltr'>Et</span> 
     </span>
     <span class='ocr_line' id='line_1_24' title="bbox 129 2643 1091 2722; baseline 0.002 -18"><span class='ocrx_word' id='word_1_175' title='bbox 129 2647 211 2722; x_wconf 75' lang='lat' dir='ltr'>quia</span> <span class='ocrx_word' id='word_1_176' title='bbox 224 2663 305 2704; x_wconf 81' lang='lat' dir='ltr'>norm</span> <span class='ocrx_word' id='word_1_177' title='bbox 317 2643 482 2718; x_wconf 72' lang='lat' dir='ltr'>Anetrrnnr</span> <span class='ocrx_word' id='word_1_178' title='bbox 497 2645 613 2704; x_wconf 84' lang='lat' dir='ltr'>ecelesia</span> <span class='ocrx_word' id='word_1_179' title='bbox 627 2645 667 2704; x_wconf 80' lang='lat' dir='ltr'>ad</span> <span class='ocrx_word' id='word_1_180' title='bbox 681 2647 883 2720; x_wconf 82' lang='lat' dir='ltr'>omnipotentie</span> <span class='ocrx_word' id='word_1_181' title='bbox 895 2647 954 2705; x_wconf 85' lang='lat' dir='ltr'>Dei</span> <span class='ocrx_word' id='word_1_182' title='bbox 964 2648 1091 2720; x_wconf 78' lang='lat' dir='ltr'>pretmm</span> 
     </span>
     <span class='ocr_line' id='line_1_25' title="bbox 129 2744 1091 2819; baseline -0.003 -13"><span class='ocrx_word' id='word_1_183' title='bbox 129 2745 238 2806; x_wconf 82' lang='lat' dir='ltr'>eodem</span> <span class='ocrx_word' id='word_1_184' title='bbox 252 2744 379 2802; x_wconf 87' lang='lat' dir='ltr'>Domino</span> <span class='ocrx_word' id='word_1_185' title='bbox 393 2744 537 2818; x_wconf 76' lang='lat' dir='ltr'>turpiente,</span> <span class='ocrx_word' id='word_1_186' title='bbox 553 2747 581 2802; x_wconf 87' lang='lat' dir='ltr'>et</span> <span class='ocrx_word' id='word_1_187' title='bbox 595 2748 621 2802; x_wconf 89' lang='lat' dir='ltr'>te</span> <span class='ocrx_word' id='word_1_188' title='bbox 635 2744 782 2804; x_wconf 78' lang='lat' dir='ltr'>laborante</span> <span class='ocrx_word' id='word_1_189' title='bbox 787 2745 930 2819; x_wconf 75' lang='lat' dir='ltr'>perderem</span> <span class='ocrx_word' id='word_1_190' title='bbox 942 2749 992 2818; x_wconf 87' lang='lat' dir='ltr'>est,</span> <span class='ocrx_word' id='word_1_191' title='bbox 1005 2763 1091 2804; x_wconf 82' lang='lat' dir='ltr'>neum</span> 
     </span>
     <span class='ocr_line' id='line_1_26' title="bbox 128 2843 1092 2919; baseline -0.001 -15"><span class='ocrx_word' id='word_1_192' title='bbox 128 2845 193 2904; x_wconf 73' lang='lat' dir='ltr'>tciri</span> <span class='ocrx_word' id='word_1_193' title='bbox 207 2843 300 2918; x_wconf 80' lang='lat' dir='ltr'>petiti</span> <span class='ocrx_word' id='word_1_194' title='bbox 317 2843 350 2900; x_wconf 83' lang='lat' dir='ltr'>in</span> <span class='ocrx_word' id='word_1_195' title='bbox 366 2859 401 2902; x_wconf 87' lang='lat' dir='ltr'>ea</span> <span class='ocrx_word' id='word_1_196' title='bbox 417 2843 456 2902; x_wconf 82' lang='lat' dir='ltr'>ad</span> <span class='ocrx_word' id='word_1_197' title='bbox 474 2843 535 2902; x_wconf 84' lang='lat' dir='ltr'>sota</span> <span class='ocrx_word' id='word_1_198' title='bbox 551 2843 709 2902; x_wconf 81' lang='lat' dir='ltr'>missarum</span> <span class='ocrx_word' id='word_1_199' title='bbox 727 2843 877 2903; x_wconf 76' lang='lat' dir='ltr'>sollemnia</span> <span class='ocrx_word' id='word_1_200' title='bbox 898 2844 1010 2919; x_wconf 79' lang='lat' dir='ltr'>apende</span> <span class='ocrx_word' id='word_1_201' title='bbox 1030 2861 1092 2903; x_wconf 79' lang='lat' dir='ltr'>eon</span> 
     </span>
     <span class='ocr_line' id='line_1_27' title="bbox 127 2937 1088 3017; baseline -0.003 -13"><span class='ocrx_word' id='word_1_202' title='bbox 127 2937 297 3015; x_wconf 54' lang='lat' dir='ltr'>oedimmt</span> <span class='ocrx_word' id='word_1_203' title='bbox 314 2943 357 3000; x_wconf 91' lang='lat' dir='ltr'>ita</span> <span class='ocrx_word' id='word_1_204' title='bbox 377 2945 411 3000; x_wconf 84' lang='lat' dir='ltr'>nt</span> <span class='ocrx_word' id='word_1_205' title='bbox 425 2959 481 3016; x_wconf 88' lang='lat' dir='ltr'>per</span> <span class='ocrx_word' id='word_1_206' title='bbox 500 2943 561 3000; x_wconf 83' lang='lat' dir='ltr'>loeo</span> <span class='ocrx_word' id='word_1_207' title='bbox 580 2941 699 3016; x_wconf 77' lang='lat' dir='ltr'>sinperiu</span> <span class='ocrx_word' id='word_1_208' title='bbox 715 2941 791 3000; x_wconf 87' lang='lat' dir='ltr'>XII</span> <span class='ocrx_word' id='word_1_209' title='bbox 801 2943 946 3017; x_wconf 84' lang='lat' dir='ltr'>episcopos</span> <span class='ocrx_word' id='word_1_210' title='bbox 966 2943 1088 3015; x_wconf 84' lang='lat' dir='ltr'>ordines,</span> 
     </span>
     <span class='ocr_line' id='line_1_28' title="bbox 125 3035 1093 3114; baseline 0 -18"><span class='ocrx_word' id='word_1_211' title='bbox 125 3039 190 3114; x_wconf 79' lang='lat' dir='ltr'>qui</span> <span class='ocrx_word' id='word_1_212' title='bbox 200 3041 270 3096; x_wconf 78' lang='lat' dir='ltr'>tuae</span> <span class='ocrx_word' id='word_1_213' title='bbox 282 3037 448 3096; x_wconf 72' lang='lat' dir='ltr'>attinerent</span> <span class='ocrx_word' id='word_1_214' title='bbox 462 3035 576 3109; x_wconf 74' lang='lat' dir='ltr'>disent,</span> <span class='ocrx_word' id='word_1_215' title='bbox 588 3036 730 3110; x_wconf 79' lang='lat' dir='ltr'>quatinus</span> <span class='ocrx_word' id='word_1_216' title='bbox 737 3036 955 3096; x_wconf 79' lang='lat' dir='ltr'>Lundoniemis</span> <span class='ocrx_word' id='word_1_217' title='bbox 964 3037 1093 3096; x_wconf 79' lang='lat' dir='ltr'>ciuitatis</span> 
     </span>
     <span class='ocr_line' id='line_1_29' title="bbox 123 3135 1092 3212; baseline -0.001 -16"><span class='ocrx_word' id='word_1_218' title='bbox 123 3138 287 3212; x_wconf 76' lang='lat' dir='ltr'>episcopm</span> <span class='ocrx_word' id='word_1_219' title='bbox 299 3151 409 3209; x_wconf 79' lang='lat' dir='ltr'>semper</span> <span class='ocrx_word' id='word_1_220' title='bbox 421 3135 455 3193; x_wconf 85' lang='lat' dir='ltr'>tn</span> <span class='ocrx_word' id='word_1_221' title='bbox 466 3139 616 3208; x_wconf 81' lang='lat' dir='ltr'>posterum</span> <span class='ocrx_word' id='word_1_222' title='bbox 629 3153 648 3194; x_wconf 85' lang='lat' dir='ltr'><em>a</em></span> <span class='ocrx_word' id='word_1_223' title='bbox 661 3135 769 3210; x_wconf 76' lang='lat' dir='ltr'>synode</span> <span class='ocrx_word' id='word_1_224' title='bbox 781 3137 905 3210; x_wconf 85' lang='lat' dir='ltr'>proprie</span> <span class='ocrx_word' id='word_1_225' title='bbox 918 3136 1018 3194; x_wconf 81' lang='lat' dir='ltr'>debeat</span> <span class='ocrx_word' id='word_1_226' title='bbox 1031 3154 1092 3195; x_wconf 88' lang='lat' dir='ltr'>oon·</span> 
     </span>
     <span class='ocr_line' id='line_1_30' title="bbox 123 3233 1088 3309; baseline 0.002 -17"><span class='ocrx_word' id='word_1_227' title='bbox 123 3234 256 3308; x_wconf 70' lang='lat' dir='ltr'>mori,</span> <span class='ocrx_word' id='word_1_228' title='bbox 273 3238 358 3308; x_wconf 74' lang='lat' dir='ltr'>atem</span> <span class='ocrx_word' id='word_1_229' title='bbox 376 3233 494 3293; x_wconf 76' lang='lat' dir='ltr'>honoris</span> <span class='ocrx_word' id='word_1_230' title='bbox 505 3234 634 3308; x_wconf 81' lang='lat' dir='ltr'>pultium</span> <span class='ocrx_word' id='word_1_231' title='bbox 647 3234 684 3293; x_wconf 86' lang='lat' dir='ltr'>eb</span> <span class='ocrx_word' id='word_1_232' title='bbox 698 3235 753 3293; x_wconf 82' lang='lat' dir='ltr'>hee</span> <span class='ocrx_word' id='word_1_233' title='bbox 769 3238 872 3294; x_wconf 73' lang='lat' dir='ltr'>sarecto</span> <span class='ocrx_word' id='word_1_234' title='bbox 885 3237 912 3294; x_wconf 90' lang='lat' dir='ltr'>et</span> <span class='ocrx_word' id='word_1_235' title='bbox 925 3235 1088 3309; x_wconf 83' lang='lat' dir='ltr'>apostoliea,</span> 
     </span>
     <span class='ocr_line' id='line_1_31' title="bbox 124 3331 1092 3408; baseline -0.001 -15"><span class='ocrx_word' id='word_1_236' title='bbox 124 3335 186 3394; x_wconf 80' lang='lat' dir='ltr'>cui</span> <span class='ocrx_word' id='word_1_237' title='bbox 208 3333 273 3392; x_wconf 88' lang='lat' dir='ltr'>Deo</span> <span class='ocrx_word' id='word_1_238' title='bbox 294 3335 406 3390; x_wconf 72' lang='lat' dir='ltr'>suemre</span> <span class='ocrx_word' id='word_1_239' title='bbox 426 3331 644 3404; x_wconf 64' lang='lat' dir='ltr'>deseruissetis</span> <span class='ocrx_word' id='word_1_240' title='bbox 658 3333 809 3408; x_wconf 73' lang='lat' dir='ltr'>pereipiat.</span> <span class='ocrx_word' id='word_1_241' title='bbox 853 3333 906 3392; x_wconf 85' lang='lat' dir='ltr'>Ad</span> <span class='ocrx_word' id='word_1_242' title='bbox 922 3333 1092 3392; x_wconf 76' lang='lat' dir='ltr'>Eburonum</span> 
     </span>
     <span class='ocr_line' id='line_1_32' title="bbox 122 3431 1092 3506; baseline -0.002 -12"><span class='ocrx_word' id='word_1_243' title='bbox 122 3449 207 3494; x_wconf 79' lang='lat' dir='ltr'>uere</span> <span class='ocrx_word' id='word_1_244' title='bbox 231 3431 381 3490; x_wconf 82' lang='lat' dir='ltr'>ciuitatem</span> <span class='ocrx_word' id='word_1_245' title='bbox 402 3435 428 3490; x_wconf 89' lang='lat' dir='ltr'>te</span> <span class='ocrx_word' id='word_1_246' title='bbox 450 3431 586 3492; x_wconf 77' lang='lat' dir='ltr'>intumus</span> <span class='ocrx_word' id='word_1_247' title='bbox 605 3434 768 3506; x_wconf 72' lang='lat' dir='ltr'>episopum</span> <span class='ocrx_word' id='word_1_248' title='bbox 789 3432 907 3504; x_wconf 82' lang='lat' dir='ltr'>mittere,</span> <span class='ocrx_word' id='word_1_249' title='bbox 928 3448 1013 3506; x_wconf 72' lang='lat' dir='ltr'>parem</span> <span class='ocrx_word' id='word_1_250' title='bbox 1033 3433 1092 3506; x_wconf 75' lang='lat' dir='ltr'>epse</span> 
     </span>
     <span class='ocr_line' id='line_1_33' title="bbox 121 3525 1092 3604; baseline -0.002 -12"><span class='ocrx_word' id='word_1_251' title='bbox 121 3525 338 3592; x_wconf 64' lang='lat' dir='ltr'>merueris*</span> <span class='ocrx_word' id='word_1_252' title='bbox 353 3529 507 3602; x_wconf 75' lang='lat' dir='ltr'>ordinere3</span> <span class='ocrx_word' id='word_1_253' title='bbox 528 3530 571 3588; x_wconf 83' lang='lat' dir='ltr'>ite</span> <span class='ocrx_word' id='word_1_254' title='bbox 592 3530 742 3603; x_wconf 70' lang='lat' dir='ltr'>emerat,</span> <span class='ocrx_word' id='word_1_255' title='bbox 759 3535 800 3604; x_wconf 83' lang='lat' dir='ltr'>nt,</span> <span class='ocrx_word' id='word_1_256' title='bbox 822 3531 849 3591; x_wconf 87' lang='lat' dir='ltr'>si</span> <span class='ocrx_word' id='word_1_257' title='bbox 868 3531 966 3590; x_wconf 83' lang='lat' dir='ltr'>eedem</span> <span class='ocrx_word' id='word_1_258' title='bbox 987 3532 1092 3590; x_wconf 83' lang='lat' dir='ltr'>einitss</span> 
     </span>
     <span class='ocr_line' id='line_1_34' title="bbox 119 3627 1094 3705; baseline -0.001 -15"><span class='ocrx_word' id='word_1_259' title='bbox 119 3649 205 3694; x_wconf 78' lang='lat' dir='ltr'>cum</span> <span class='ocrx_word' id='word_1_260' title='bbox 214 3629 360 3704; x_wconf 82' lang='lat' dir='ltr'>finitimis</span> <span class='ocrx_word' id='word_1_261' title='bbox 373 3627 441 3688; x_wconf 82' lang='lat' dir='ltr'>loeis</span> <span class='ocrx_word' id='word_1_262' title='bbox 453 3628 573 3687; x_wconf 81' lang='lat' dir='ltr'>uerbum</span> <span class='ocrx_word' id='word_1_263' title='bbox 583 3630 641 3688; x_wconf 88' lang='lat' dir='ltr'>Dei</span> <span class='ocrx_word' id='word_1_264' title='bbox 654 3631 788 3705; x_wconf 77' lang='lat' dir='ltr'>receperit</span> <span class='ocrx_word' id='word_1_265' title='bbox 797 3630 815 3705; x_wconf 81' lang='lat'>⁸,</span> <span class='ocrx_word' id='word_1_266' title='bbox 828 3631 888 3705; x_wconf 87' lang='lat' dir='ltr'>ipse</span> <span class='ocrx_word' id='word_1_267' title='bbox 901 3630 1094 3705; x_wconf 72' lang='lat' dir='ltr'>qrmqereXII</span> 
     </span>
     <span class='ocr_line' id='line_1_35' title="bbox 163 3757 1091 3820; baseline 0 -12"><span class='ocrx_word' id='word_1_268' title='bbox 163 3761 173 3790; x_wconf 93' lang='lat'>¹</span> <span class='ocrx_word' id='word_1_269' title='bbox 196 3761 236 3808; x_wconf 86' lang='lat' dir='ltr'>sis</span> <span class='ocrx_word' id='word_1_270' title='bbox 250 3757 296 3819; x_wconf 71' lang='lat' dir='ltr'>fl,</span> <span class='ocrx_word' id='word_1_271' title='bbox 310 3757 352 3816; x_wconf 66' lang='grc' dir='ltr'><strong>Μ</strong></span> <span class='ocrx_word' id='word_1_272' title='bbox 370 3757 476 3806; x_wconf 86' lang='lat' dir='ltr'>-damus</span> <span class='ocrx_word' id='word_1_273' title='bbox 488 3757 525 3814; x_wconf 71' lang='grc' dir='ltr'>ῦς</span> <span class='ocrx_word' id='word_1_274' title='bbox 544 3757 648 3807; x_wconf 87' lang='lat' dir='ltr'>-demus</span> <span class='ocrx_word' id='word_1_275' title='bbox 660 3758 695 3808; x_wconf 83' lang='lat' dir='ltr'>u.</span> <span class='ocrx_word' id='word_1_276' title='bbox 708 3759 739 3808; x_wconf 91' lang='lat' dir='ltr'>B.</span> <span class='ocrx_word' id='word_1_277' title='bbox 821 3757 832 3788; x_wconf 87' lang='lat'><strong>¹</strong></span> <span class='ocrx_word' id='word_1_278' title='bbox 847 3760 960 3808; x_wconf 84' lang='lat' dir='ltr'>-eaberis</span> <span class='ocrx_word' id='word_1_279' title='bbox 971 3759 1023 3820; x_wconf 86' lang='lat' dir='ltr'>B¹;</span> <span class='ocrx_word' id='word_1_280' title='bbox 1040 3775 1091 3808; x_wconf 73' lang='lat' dir='ltr'>es·</span> 
     </span>
     <span class='ocr_line' id='line_1_36' title="bbox 115 3833 654 3898; baseline -0.007 -8"><span class='ocrx_word' id='word_1_281' title='bbox 115 3839 206 3892; x_wconf 75' lang='lat' dir='ltr'>uiris</span> <span class='ocrx_word' id='word_1_282' title='bbox 216 3837 252 3886; x_wconf 80' lang='lat' dir='ltr'>u.</span> <span class='ocrx_word' id='word_1_283' title='bbox 352 3833 362 3862; x_wconf 80' lang='lat'>⁸</span> <span class='ocrx_word' id='word_1_284' title='bbox 378 3836 502 3898; x_wconf 82' lang='lat' dir='ltr'>reciperit</span> <span class='ocrx_word' id='word_1_285' title='bbox 514 3833 558 3886; x_wconf 66' lang='lat'>1¹.</span> <span class='ocrx_word' id='word_1_286' title='bbox 571 3835 609 3886; x_wconf 83' lang='lat'>0¹.</span> <span class='ocrx_word' id='word_1_287' title='bbox 623 3837 654 3886; x_wconf 83' lang='lat' dir='ltr'>N.</span> 
     </span>
    </p>
   </div>
   <div class='ocr_carea' id='block_1_4' title="bbox 0 0 1433 4334">
    <p class='ocr_par' dir='ltr' id='par_1_4' title="bbox 0 0 1433 4334">
     <span class='ocr_line' id='line_1_37' title="bbox 0 0 1433 4334; baseline 0 3"><span class='ocrx_word' id='word_1_288' title='bbox 0 0 1433 4334; x_wconf 95' lang='lat' dir='ltr'> </span> 
     </span>
    </p>
   </div>
  </div>
 </body>
</html>
