2859 4334
422 198 623 285 Eopberium
645 199 863 287 Episcopum.
1053 199 1118 264 411

168 375 295 452 manius
309 377 364 451 est,
381 378 504 454 aeoepta
518 374 559 437 ab
577 374 772 436 auditoribus
787 375 854 436 suis
867 374 1007 452 pecunia,
1025 394 1121 452 quam

168 473 324 537 Dominus
344 475 514 553 prohibuit,
531 493 610 552 opus
630 473 726 545 uerbi,
743 474 826 552 quod
842 473 1000 535 Dominus
1017 472 1118 547 iussit,

168 592 310 633 exercere
332 576 575 651 contempnent;
605 592 677 633 eum
702 573 769 634 Deo
797 572 930 635 dilectus
956 570 1119 651 pontifex¹

170 670 307 747 Samuel,
324 671 417 750 longe
430 672 520 733 aliter
534 671 643 732 lesisse
656 689 746 731 omna
736 670 874 749 populo
888 674 967 732 teste
980 670 1120 748 legatur:

31 776 97 833 neg.
107 774 152 822 xit
175 768 306 847 ‘Itaque
328 770 548 846 conuersatus'
568 769 716 848 inquit,‘
725 789 830 830 eoram
850 769 941 831 uobis
963 770 1004 829 ab
1023 769 1123 831 adole·

21 850 63 891 4
170 868 289 929 scentia
310 889 381 929 mea
401 888 501 948 usque
524 870 564 930 ad
586 868 669 929 diem
690 868 781 943 hane,
805 888 874 929 ecee
893 870 1016 946 praesto
1036 888 1118 943 sum,

169 966 336 1045 loquimini
350 969 389 1029 de
401 988 454 1029 me
467 988 569 1029 eoram
584 967 731 1042 Domino,
743 970 776 1028 et
786 986 892 1028 eoram
902 966 1068 1029 Christo
1041 986 1118 1044 erus,

169 1068 278 1126 utrum
291 1067 404 1127 bouem
412 1067 543 1127 alieuius
552 1066 690 1143 tulerim,
703 1086 746 1127 an
755 1066 890 1140 asinum,
901 1066 929 1125 si
938 1065 1120 1143 quempiam

170 1160 401 1239 eslumpniatus
422 1180 503 1237 sum,
529 1160 557 1221 si
579 1160 720 1238 oppressi
741 1160 887 1238 aliquem,
911 1159 940 1220 si
961 1161 1000 1222 de
1022 1180 1121 1221 manu

170 1258 354 1337 cuiusquam
368 1279 486 1321 munus
498 1260 600 1338 aooepi
612 1281 620 1334 ;
641 1262 674 1320 et
686 1261 910 1337 contempnam
923 1258 1003 1320 illud
1016 1258 1118 1335 hodie,

169 1357 395 1436 restituamque
403 1358 500 1420 uobis.
535 1358 577 1419 ut
587 1358 752 1419 dixerunt:
767 1358 839 1418 Non
850 1358 1121 1435 esealumpniatus

169 1476 236 1531 nos,
253 1476 354 1535 neque
372 1455 559 1535 oppressisti,
577 1476 678 1534 neque
693 1456 797 1517 tulisti
816 1458 855 1518 de
873 1475 971 1517 manu
989 1456 1121 1517 alieuius

170 1554 351 1633 quippiam!
392 1555 490 1617 Cuius
503 1554 698 1621 innocentiae
712 1574 749 1615 ao
761 1554 899 1615 iustitiae
912 1555 1024 1615 merito
1037 1555 1121 1615 inter

169 1654 288 1731 primos
309 1652 436 1732 populi¹
459 1654 518 1715 Dei
543 1655 637 1715 duoes
661 1656 693 1713 et
714 1654 887 1714 saoerdetes
908 1655 1118 1729 annumerari,

171 1752 296 1831 atque
286 1772 321 1813 ιιι
339 1752 482 1831 precibus
502 1752 567 1813 suis
587 1772 722 1829 superno
742 1752 853 1813 auditu
872 1756 967 1829 atque
984 1752 1121 1831 alloquio

21 1862 54 1909 ιι
65 1861 153 1909 novin
173 1851 288 1929 dignus
298 1850 430 1911 existere
439 1852 563 1928 meruit,
575 1851 697 1912 dioente
707 1849 965 1929 psalmographo·
982 1852 1122 1930 ‘Moyses

172 1953 204 2011 et
217 1951 353 2011 Aaron
343 1970 378 2011 ιιι
394 1950 646 2013 sacerdotibus'
619 1970 694 2025 θιιιι,
711 1952 745 2011 et
758 1949 885 2011 Samuel
898 1949 982 2011 inter
995 1970 1048 2011 eos
1066 1952 1121 2030 qui

170 2049 319 2109 inuocant
339 2068 456 2110 nomen
479 2048 554 2125 eius,
581 2048 771 2109 inuocabant
791 2048 975 2125 Dominum,
1002 2049 1122 2181 etipse

170 2148 352 2209 exaudiebat
366 2168 426 2224 θοι,
443 2147 478 2208 in
492 2146 639 2209 columna
652 2146 747 2207 nubis
760 2146 947 2225 loquebatur
959 2148 999 2209 ad
1014 2150 1107 2210 eos'!

212 2244 240 2303 8.
262 2242 695 2321 Siautemaliquidutilitatis
706 2241 851 2303 fidelibus
859 2242 1000 2305 eonferre
1008 2263 1121 2305 manus
1138 2260 1245 2308 suriae
1254 2264 1283 2306 οι

170 2339 433 2419 impositionemt
458 2361 520 2419 qua
540 2341 676 2420 Spiritus
697 2341 830 2403 Βιιιοιιιι
848 2320 1295 2437 aooipitur,oredi·29,2¹2¹{1⁰¹”

171 2459 243 2500 mus
256 2444 288 2502 et
302 2440 508 2515 eonfitemur-3
530 2443 650 2502 constat
664 2459 681 2500 θ
695 2440 857 2517 contrario,
875 2441 949 2517 quia
965 2441 1065 2502 haeo'
1055 2462 1123 2521 ipsa

169 2538 291 2599 utilitas
315 2540 360 2599 sis
387 2540 501 2617 quibus
527 2559 640 2601 manus
666 2538 825 2617 impositio
852 2539 995 2616 defuerit,
1023 2542 1118 2603 abest.

171 2638 267 2699 Cuius
280 2639 432 2699 nimimm
446 2638 580 2716 priuatio
593 2638 669 2699 boni
682 2639 721 2700 ad
736 2658 814 2717 quos
822 2638 961 2716 amplius
974 2659 1069 2717 quam
1082 2642 1121 2703 ad

170 2737 255 2815 ipsos
269 2737 394 2815 respicit
408 2737 572 2811 antistites,
589 2737 644 2815 qui
656 2736 786 2798 illorum
805 2757 838 2797 se
851 2737 1042 2814 promittunt
1055 2756 1122 2799 esse

170 2836 334 2915 praesules,
362 2836 476 2914 quibus
499 2835 670 2913 spiritualis
693 2836 831 2897 officium
858 2836 1053 2914 praesulatus
1074 2855 1123 2896 ex·

170 2934 277 2997 hibere
303 2938 359 2997 aut
386 2934 559 3013 negligunt,
589 2936 645 2995 aut
672 2936 860 3012 nequeunt?
901 2933 998 2995 Ouius
1025 2935 1122 2996 totius

170 3029 316 3091 facinoris
329 3029 418 3091 nulla
431 3030 530 3108 magis
544 3048 638 3107 quam
652 3028 802 3090 auaritia⁸
811 3048 903 3090 eausa
915 3032 971 3089 est
1006 3030 1123 3092 Contra

171 3149 266 3208 quam
281 3128 443 3206 disputans
457 3128 622 3205 apostolus,
640 3128 673 3189 in
688 3149 751 3207 quo
764 3127 908 3191 Christus
925 3128 1119 3206 loquebatur,

21 3244 147 3292 rrimsr.
171 3227 294 3289 aiebat:
318 3228 437 3289 ‘Radix
450 3228 595 3289 omnium
609 3228 766 3288 malorum
780 3226 934 3305 cupiditas
953 3227 1038 3289 est⁶.’
1079 3228 1122 3291 Et

21 3320 97 3411 ibor.
109 3364 142 3411 vi.
172 3346 317 3389 rursum:
341 3326 467 3404 ‘Neque
487 3326 593 3401 auari'
605 3326 718 3405 inquit,
738 3327 888 3403 ‘regnum
906 3326 966 3386 Dei
984 3324 1120 3403 posside-

22 3438 50 3470 10
173 3421 275 3483 bunt!
316 3420 398 3483 Cum
418 3421 505 3482 enim
525 3422 664 3497 antistes,
682 3421 820 3481 dieunte
837 3439 942 3481 amore
962 3421 1120 3497 peeuniae,

171 3518 321 3581 maiorem
335 3517 445 3597 populi
458 3522 587 3597 partem,
605 3538 701 3597 quam
720 3517 786 3579 ulla
805 3518 925 3579 ratione
943 3536 999 3595 per
1015 3521 1120 3581 totum

201 3700 350 3765 ¹p0ntilsx
359 3699 454 3752 omli.
544 3696 621 3751 ¹·loe
632 3700 668 3751 ll.
753 3698 1119 3751 '‘uoerdotibuseiua'us·

168 3794 221 3845 que
235 3780 408 3841 ‘loquebatur
418 3778 453 3829 ad
464 3780 523 3829 σοι’
536 3779 571 3829 Η.
661 3778 670 3809 4
686 3778 823 3831 oonierri.
838 3814 846 3831 .
859 3814 867 3830 .
879 3814 886 3829 .
897 3778 1071 3841 impositione
1082 3780 1120 3832 ll.

168 3858 260 3910 haiae
271 3858 308 3909 Η.
387 3854 575 3923 ‘aucupes
