2859 4334
307 264 373 331 812
578 262 735 330 Historia
754 262 987 331 Ecclesiastico
1146 274 1216 340 [Lu.
1230 276 1265 331 v·

308 438 405 516 quid‚’
427 437 539 516 iuquit,
570 438 645 499 ‘boo
666 438 755 499 est‘l’
798 436 917 499 ‘Paulo
937 437 1031 513 ante,’
1054 437 1167 516 inquit,
1196 438 1264 499 ‘in-

308 540 471 598 trauerunt
491 538 621 597 domum
642 537 724 597 banc
744 536 807 596 duo
830 536 1034 612 pulcherrimi
1060 536 1200 606 iuuenes,
1227 542 1263 598 et

308 634 505 697 resederunt¹
521 635 602 696 circa
615 656 674 710 me,
689 655 773 695 unus
785 636 825 695 ad
839 638 939 711 caput,
953 639 984 695 et
994 655 1078 695 unus
1087 636 1126 695 ad
1140 636 1261 713 pedes;

307 735 499 813 protulitque
507 755 590 795 unus
599 734 742 795 libellum
750 733 1263 811 perpulchrumseduebementer

307 833 474 909 modicum,
492 853 527 893 ac
541 832 620 893 mibi
638 833 678 892 ad
695 833 865 911 legendum
882 831 990 908 dedit3
1011 832 1045 892 in
1062 852 1125 910 quo
1138 834 1257 906 omnia,

308 950 387 1009 quae
406 952 556 1011 umquam
577 932 659 993 bona
678 931 819 1007 feceram,
842 930 971 991 intuens
990 931 1103 1008 scripta
1123 934 1258 1009 repperi,

308 1030 433 1091 ethaeo
454 1034 543 1091 erant
564 1030 699 1091 nimium
720 1048 818 1106 pauca
837 1032 870 1090 et
889 1029 1017 1090 modica
1062 1030 1260 1108 Receperunt

308 1128 452 1203 codicem,
480 1148 581 1206 neque
603 1128 719 1205 aliquid
742 1127 823 1188 mihi
846 1128 998 1188 dicebaut
1043 1129 1127 1189 Tum
1151 1131 1260 1193 subito

307 1226 488 1304 superuenit
502 1226 654 1287 exercitus
671 1226 883 1305 malignorum
899 1230 932 1287 et
950 1227 1149 1289 horridorum
1163 1230 1259 1291 uultu

309 1326 485 1403 spirituum,
515 1327 705 1403 domumque
733 1326 815 1385 hanc
842 1328 875 1385 et
902 1325 1039 1385 exterius
1065 1326 1196 1403 obsedit
1225 1334 1259 1391 et

308 1424 395 1486 intus
414 1425 552 1485 maxima
568 1443 606 1484 ex
625 1427 713 1501 parte
734 1423 872 1484 residens
887 1424 1040 1501 impleuit
1085 1426 1175 1486 Tunc
1189 1427 1256 1501 ille,

308 1522 361 1601 qui
383 1526 415 1583 et
436 1522 623 1583 obscuritate
644 1522 823 1583 tenebrosae
844 1522 941 1591 faciei.
962 1527 995 1583 et
1014 1524 1152 1599 primatu
1172 1527 1260 1587 sadis

307 1622 406 1683 maior
424 1642 491 1683 esee
514 1622 679 1683 uidebatur
703 1641 819 1697 eorum,
847 1621 1007 1698 profereus
1030 1623 1168 1685 codicem
1187 1624 1259 1685 bor·

307 1720 438 1781 rendae²
457 1720 594 1795 meionis,
612 1721 644 1779 et
659 1719 886 1797 magnitudinis
901 1721 1045 1795 enormis,
1062 1725 1095 1783 et·
1110 1724 1259 1801 ponderis

306 1839 387 1896 pene
406 1819 608 1897 inportabilis,
632 1818 724 1879 iussit
744 1819 802 1879 uni
822 1838 859 1879 ex
880 1820 1069 1881 satellitibus
1088 1822 1156 1882 suis
1175 1823 1259 1883 mihi

306 1919 345 1979 ad
367 1918 535 1995 legendum
556 1917 683 1977 deferre.
729 1916 830 1992 Quem
854 1936 927 1979 cum
947 1918 1100 1996 legissem
1124 1920 1259 1981 inueni⁸

307 2017 414 2077 omnia
435 2017 557 2089 scelera,
580 2034 643 2075 non
665 2015 769 2076 solum
787 2035 866 2092 quae
886 2036 977 2093 opere
998 2018 1051 2077 uel
1070 2018 1176 2094 uerbo,
1200 2023 1257 2083 sed

306 2110 401 2172 etiam
417 2130 495 2188 quae
514 2110 697 2170 tenuissima
715 2110 901 2188 cogitatione
916 2113 1048 2188 peccaui,
1070 2113 1258 2177 muniretis-

306 2206 385 2265 eime
404 2205 438 2265 in
456 2224 492 2264 eo
509 2204 625 2264 tetricis
643 2224 710 2264 esee
727 2205 880 2283 descripta
897 2206 1019 2268 litteris.
1064 2208 1258 2288 Dicebatque

306 2303 344 2364 ad
366 2303 446 2378 illos,
474 2302 528 2381 qui
550 2302 632 2363 mihi
651 2303 843 2379 adsederant,
871 2305 956 2365 uiros
976 2305 1097 2366 albatos
1120 2310 1153 2367 et
1173 2328 1259 2386 prae

307 2403 424 2463 claros:
457 2402 566 2476 “Quid
597 2402 647 2461 hic
671 2402 794 2476 sedetis,
822 2404 955 2463 scientes
976 2405 1159 2481 certissime,
1182 2410 1258 2485 quia

306 2504 413 2562 noster
440 2504 487 2560 eet
510 2500 621 2561 iete‘?”
662 2501 922 2577 Responderunt:
953 2503 1104 2563 “Uerum
1131 2505 1257 2570 dicitis:

305 2600 435 2677 accipite
458 2602 489 2658 et
510 2598 544 2659 in
562 2598 726 2659 cumulum
746 2599 956 2661 damnationis
976 2606 1099 2663 uestrae
1120 2605 1257 2667 ducite.”

306 2698 374 2773 Quo
409 2698 493 2758 dicto
524 2697 630 2757 statim
658 2696 900 2774 disparuerunt;
941 2706 1167 2781 surgentesque
1193 2706 1258 2769 duo

305 2795 489 2874 nequissimi
517 2796 652 2873 spiritus,
678 2796 829 2857 habentes
851 2797 886 2857 in
906 2799 1054 2860 manibus
1080 2820 1227 2865 uomeres
1235 2806 1256 2879 ⁴,

305 2898 525 2972 percusserunt
548 2916 606 2969 me,
634 2915 718 2955 unus
741 2896 775 2955 in
799 2897 899 2974 capite
919 2901 951 2957 et
974 2899 1055 2959 alius
1073 2898 1077 2980 Ι
1096 2901 1131 2962 iu
1155 2904 1258 2980 pede:
1276 2924 1296 2968 r.
1309 2939 1376 2968 uu

305 2994 358 3070 qui
384 2993 530 3053 uidelicet
558 2994 652 3053 modo
679 3013 752 3053 cum
779 3015 894 3072 magno
921 3000 1079 3059 tormento
1105 3001 1258 3078 inrepunt

305 3092 339 3151 in
361 3092 508 3151 interiora
526 3092 661 3169 corporis
685 3092 757 3167 mei,
780 3113 916 3171 moxque
939 3101 976 3156 ut
998 3098 1038 3157 ad
1059 3117 1094 3157 se
1117 3099 1257 3161 inuicem

305 3186 504 3262 perueniunt,
529 3185 652 3261 moriar,
670 3187 702 3245 et
722 3187 837 3262 paratis
851 3190 890 3249 ad
906 3191 1093 3267 rapiendum
1114 3213 1167 3253 me
1187 3196 1259 3256 dae·

240 3324 243 3331 .
305 3285 451 3344 monibus
465 3284 498 3343 in
513 3284 629 3343 inferni
643 3284 777 3345 claustra
789 3288 968 3362 pertraban’

345 3384 395 3442 Sic
416 3384 600 3460 loquebatur
618 3383 713 3443 miser
732 3384 904 3462 desperans,
928 3390 961 3448 et
982 3409 1048 3449 uon
1063 3390 1167 3453 multo
1183 3399 1258 3471 post

337 3606 344 3635 ¹
362 3607 490 3657 sederunt
501 3607 542 3669 B;
559 3608 709 3658 residerent
721 3608 760 3658 0¹.
804 3609 815 3637 ¹
830 3610 956 3660 horridae
968 3613 997 3663 0.
1063 3614 1074 3643 ⁸
1092 3618 1206 3666 inuenio
1218 3619 1256 3669 ld.

304 3684 313 3715 ⁴
329 3700 451 3735 uomeres
469 3687 514 3750 H„
533 3692 609 3735 added
625 3703 655 3735 on
671 3691 839 3749 broermorqin
856 3690 894 3738 Μ2
903 3706 910 3750 ;
927 3690 950 3738 Β
968 3696 1013 3739 hoe
1027 3707 1150 3743 nemeaea
1167 3700 1194 3745 ta
1210 3703 1257 3747 tat

305 3767 343 3811 but
361 3768 386 3811 tn
402 3782 418 3813 a
435 3768 542 3822 different
557 3770 638 3825 buud5
656 3768 730 3825 abore,
749 3771 776 3814 in
792 3784 809 3815 o
823 3770 881 3816 later
896 3772 963 3817 hond
978 3774 1001 3819 ὼ
1018 3776 1121 3821 written:
1137 3773 1181 3822 uel
1198 3776 1256 3825 cul·

304 3846 353 3901 tra,
372 3844 415 3891 uel
441 3844 538 3893 furcas.
579 3845 602 3893 N
620 3849 704 3893 reoda:
721 3845 782 3895 hab.
799 3860 871 3895 nom.
893 3847 923 3895 in
939 3862 1013 3899 man.
1048 3850 1069 3900 0
1085 3856 1170 3903 mdc:
1191 3853 1258 3905 hab.

302 3921 390 3968 cultra
406 3923 436 3969 in
453 3936 526 3972 man.
546 3922 682 3972 hondseax
701 3924 729 3989 (ἱ,
739 3940 758 3972 e.
775 3925 873 3989 cultra)
884 3926 953 3989 AS.;
970 3928 1081 3978 malleos
1088 3931 1133 3991 A„
