2859 4334
143 261 203 309 cn.
217 258 300 323 vui]
445 248 561 316 Gestis
584 250 789 334 duplorum.
1029 253 1092 317 295

143 440 251 481 eorum
281 421 368 483 uiuet
395 423 430 483 in
462 425 676 501 generationes
706 428 738 485 et
768 424 1005 502 generationes!
1048 426 1094 486 Ut

143 518 230 579 enim
244 521 381 581 breuiter
398 510 508 598 dicam
528 525 652 583 tantum
671 524 828 601 profectus
846 523 997 601 spiritalis
1016 528 1094 584 tem·

143 638 218 696 pore
238 604 432 696 praesulatus
453 621 540 681 illius
560 622 737 699 Anglorum
760 622 914 697 ecclesiae,
938 627 1093 699 quantum

143 736 317 795 numquam
331 723 423 779 antea
435 723 571 797 potuere,
586 724 735 798 ceperunt
747 719 764 781 ¹.
809 721 904 781 Cuius
917 741 1091 797 personam,

142 816 251 891 uitam,
274 820 415 893 aetatem,
432 822 463 878 et
484 819 612 895 obitum,
630 819 826 897 epitaphium
847 840 969 897 quoque
987 840 1095 880 monu-

142 913 244 974 menti
263 916 362 992 ipsius
385 917 528 977 uersibus
554 917 687 978 heroicis
714 918 810 977 XXX
836 923 867 977 et
892 919 967 979 IIII
991 918 1094 995 palam

142 1032 177 1071 ac
201 1014 302 1075 lucide
325 1015 444 1075 cunctis
468 1016 524 1076 illo
548 1016 790 1077 aduenientibus
809 1018 939 1095 pandit;
961 1038 1094 1095 quorum

140 1112 237 1188 primi
251 1117 326 1174 sunt
340 1114 396 1175 hi:

181 1212 244 1271 llic
263 1210 363 1272 sacer²
383 1215 416 1272 in
437 1214 538 1274 tianba
552 1220 664 1290 pausat
684 1233 751 1275 cum
771 1233 883 1290 corpore
895 1216 1024 1289 praerat,

226 1310 315 1385 Quos
335 1331 413 1372 aurae
434 1314 613 1373 Theodorum
634 1316 738 1389 lilipua
756 1316 881 1389 Pctuspa
899 1319 991 1373 uocat.

183 1408 321 1485 Princeps
334 1413 517 1486 pontificma,
535 1414 612 1486 felix
630 1430 817 1488 summusque
837 1414 967 1473 abendon

225 1508 368 1584 Limpida
388 1512 539 1587 disupulis
559 1512 694 1589 docmata
714 1513 858 1572 disseruit

185 1605 300 1666 Ultimi
313 1612 419 1668 autem
433 1609 466 1668 hi
480 1632 487 1671 :

183 1706 319 1781 Namque
338 1709 414 1767 dicm
435 1710 682 1771 nonamdecimam
700 1709 860 1785 September
878 1710 1007 1783 babebat,

226 1805 300 1866 Cum
320 1808 418 1867 cumis
437 1809 565 1868 claustra
583 1811 705 1884 spiritus
725 1810 876 1883 arroditur.

182 1902 278 1964 Alma
296 1924 390 1965 nouae
410 1908 551 1967 scamas
560 1908 639 1981 selis
658 1909 802 1967 emorita
821 1908 908 1981 uitae,

226 2003 348 2065 Ciuibas
368 2006 507 2081 angelicis
526 2008 644 2065 iunctus
663 2008 696 2065 io
717 2024 783 2066 arce
797 2008 868 2081 poti.

185 2101 339 2162 Successit
366 2106 473 2163 autem
500 2104 662 2164 Theodoro
689 2104 724 2163 in
752 2104 961 2181 episcopatum
989 2103 1094 2163 Berot-
1113 2113 1238 2157 nortwald

143 2200 216 2259 uald
226 2200 244 2275 ³,
262 2199 317 2278 qui
331 2203 396 2261 erat
409 2201 504 2263 abbas
517 2202 552 2261 in
566 2203 763 2278 monasterio,
781 2202 864 2279 quod
879 2202 966 2262 iuxta
979 2202 1096 2262 ostium
1112 2174 1234 2219 ''md''

143 2298 321 2375 aquilonale
334 2300 475 2360 fluminis
491 2300 668 2362 Genladae⁴
688 2302 835 2379 positum,
852 2300 1002 2361 Raouulfe
1018 2319 1097 2359 nun·

143 2399 296 2474 cupatur;
324 2398 373 2458 uir
397 2402 429 2459 st
456 2400 522 2477 ipse
550 2400 681 2461 scientia
705 2399 928 2477 scripturarum
954 2398 1093 2472 inbutus,

143 2496 197 2556 sed
212 2498 244 2555 et
258 2497 472 2559 ecclesiasticis
483 2498 578 2559 simul
592 2518 626 2559 ac
637 2498 909 2559 monasterialibus
922 2496 1096 2573 disciplinis

143 2609 269 2651 summe
287 2591 468 2669 instructus,
486 2594 611 2653 tametsi
630 2593 874 2671 praedeeessori⁸
887 2613 944 2653 suo
963 2592 1097 2651 minime

144 2691 380 2767 conparandus;
402 2691 456 2769 qui
477 2692 594 2753 electus
613 2694 661 2752 est
682 2693 809 2769 quidem
830 2691 864 2751 in
885 2690 1096 2768 episcopatum

144 2808 229 2849 anno
261 2789 433 2850 dominicae
468 2790 691 2851 incarnationis
726 2790 838 2852 Dcxc
871 2790 1015 2865 secundo,
1047 2788 1098 2849 die

145 2888 247 2966 primo
268 2888 386 2949 mensis
408 2889 491 2965 Iulii,
517 2890 721 2967 regnantibus
741 2889 775 2949 in
798 2888 908 2951 Cantia
933 2887 1099 2949 Uictredo⁸

144 2986 176 3044 st
188 2984 416 3059 Suaebhardo⁷3
437 2984 598 3044 ordinatus
607 2985 733 3045 autem*
747 3004 831 3043 anno
841 2986 990 3060 sequente
1004 2980 1098 3042 tertio

144 3080 197 3142 die
211 3082 426 3142 Kalendarum
436 3082 590 3143 Iuliarum
605 3082 761 3143 dominica
774 3102 793 3142 a
806 3080 969 3143 Goduine⁹
982 3083 1096 3140 metro

144 3180 286 3259 politano
313 3180 456 3259 episcopo
484 3181 680 3256 Galliarum
711 3184 744 3241 et
772 3180 853 3241 sedit
879 3180 914 3239 in
941 3179 1013 3239 sede
1040 3198 1096 3239 sua

143 3278 245 3357 pridie
262 3279 476 3339 Kalendarum
496 3279 729 3357 Septembrium
745 3278 919 3353 dominiea;
941 3278 993 3356 qui
1013 3278 1097 3337 inter

144 3378 271 3454 multos,
298 3396 376 3455 quos
399 3378 558 3439 ordinauit
581 3378 740 3439 antistites
749 3378 777 3453 ¹⁰,
794 3377 888 3437 stiam
910 3376 1097 3437 Gebmundo

145 3475 313 3537 Hrofensis
332 3476 476 3537 ecclesiae
496 3478 637 3554 praesule
655 3477 811 3549 defuneto,
829 3476 956 3537 'lobiam
972 3495 1028 3553 pro
1042 3475 1096 3537 illo

180 3682 188 3712 ¹
207 3695 281 3743 coep·
293 3677 337 3729 1¹.
351 3679 380 3729 Ο.
480 3676 490 3707 ’
506 3678 627 3727 sacerdos
639 3678 675 3727 M.
765 3679 775 3707 ⁸
793 3678 882 3727 berht·
894 3677 932 3737 03
948 3676 1053 3725 bercth-
1065 3676 1097 3726 N.

147 3758 302 3809 bosun.
373 3756 1101 3821 'deprasecasorlll-H256aB.p1-aeiauritbaabcre

147 3844 184 3889 stc
194 3842 248 3887 bna
337 3834 347 3863 ⁸
363 3834 501 3887 ui'e'tredo
512 3834 559 3889 ll:
576 3832 737 3883 uidh'trsdo
748 3834 781 3885 N.
866 3832 876 3860 ¹
893 3832 1060 3900 suebhoardo
1070 3832 1098 3884 0.

149 3918 159 3949 ⁸
174 3918 319 3967 astantem
331 3915 359 3966 0.
427 3914 438 3945 ·
455 3929 502 3964 -uo
513 3914 552 3976 ῦς
568 3914 675 3977 gaduna
687 3913 719 3963 N.
788 3911 806 3942 ²⁰
821 3913 935 3963 antidea
947 3911 981 3961 ll.
994 3910 1025 3961 B.
1038 3911 1082 3971 11„
