2859 4334
141 285 276 353 cunr]
446 279 561 347 caca
583 281 789 369 Annorum.
1052 257 1136 353 ss·

139 450 296 512 sentirent
315 452 435 530 perfidi,
459 458 542 533 quod
566 457 687 520 oblata¹
709 460 770 520 eibi
793 464 960 538 perpetuae
981 461 1093 523 salutis

138 551 271 610 consilia
284 557 480 628 spreuerant.

527 740 620 802 OAP.
643 742 708 802 III.

192 885 223 932 Ut
234 887 297 932 wem
309 887 422 934 Melitam
434 901 462 934 uc
475 887 571 936 Iustam
582 891 799 950 wlcomsfccerin
815 895 835 940 ct
846 893 873 941 dc
884 895 947 940 obitu
958 895 1033 951 apcius
1042 891 1059 942 ².

175 1002 274 1061 Asso
285 1001 457 1062 dominicae
467 1002 692 1067 incarnationis
701 1006 880 1084 D01111m0,
892 1009 1093 1087 Augustinus
1108 1021 1247 1078 Ammine

134 1099 367 1160 Brittaniamm
386 1102 634 1181 archiepiscopus
653 1106 811 1167 ordinauit
826 1107 904 1167 duos
921 1108 1088 1186 episcopos,
1108 1087 1263 1188 ffffssm

134 1199 300 1259 Mellitum
324 1199 470 1261 uidelicet
492 1206 524 1262 et
545 1202 672 1264 Iustum
684 1227 692 1280 ;
718 1205 877 1266 Mellitum
899 1208 1026 1283 quidem
1050 1209 1089 1268 ad
1107 1203 1257 1306 εἴξῃ

131 1297 379 1373 praedicandum
406 1299 584 1376 prouinciae
606 1302 815 1363 Orientalium
840 1305 1009 1380 Saxonum,
1036 1306 1090 1384 qui
1107 1321 1159 1364 ano

131 1396 292 1456 'lamense
314 1396 409 1458 fluuio
431 1397 623 1460 dirimuntur
642 1421 661 1461 a
680 1402 798 1477 (lautia,
816 1406 848 1463 et
865 1403 926 1480 ipsi
947 1405 1091 1466 orientali
1107 1379 1216 1494 ffloef
1241 1413 1247 1426 ‘

129 1495 217 1556 inari
244 1495 393 1574 contigui,
422 1517 556 1574 quorum
583 1501 766 1577 metropolis
789 1502 954 1563 Lundonia
981 1503 1091 1566 ciuitas

129 1597 189 1668 est,
209 1614 304 1671 super
323 1594 423 1671 ripam
441 1596 571 1672 praefati
592 1598 735 1659 fluminis
752 1600 861 1676 posita,
879 1605 911 1661 et
924 1600 992 1679 ipsa
1010 1603 1089 1663 mul·

128 1695 244 1752 torum
274 1693 469 1770 emporium³
500 1696 687 1772 populorum
718 1701 801 1758 terra
834 1699 974 1776 marique
1005 1700 1088 1760 ueni·

128 1790 262 1850 entium
274 1811 282 1864 ;
303 1791 336 1850 in
351 1811 412 1867 qua
426 1791 571 1852 uidelicet
584 1795 677 1869 gente
691 1797 768 1853 tunc
781 1796 931 1871 temporis
945 1797 1089 1857 Saberct⁴

62 1935 66 1944 .
128 1908 235 1966 nepos
244 1888 500 1950 Aedilbercti⁶ox
510 1910 612 1950 sorore
622 1891 732 1952 Ricula
740 1893 898 1970 regnabat,
920 1891 1089 1972 {quamuis

128 1989 194 2048 sub
216 1991 371 2064 potestate
391 1989 513 2066 positus
531 1989 671 2051 eiusdem
685 1990 905 2065 Aedilbercti⁶,
923 1993 977 2070 qui
991 1994 1089 2053 omni·

126 2085 203 2164 bus,
217 2088 255 2146 ut
269 2105 361 2164 supra
375 2087 561 2164 dictumest,
573 2108 673 2165 usque
687 2089 725 2148 ad
740 2090 913 2150 terminum
924 2091 1089 2154 Humbrae

126 2184 282 2246 fluminis
295 2185 473 2263 Anglorum
492 2187 640 2264 gentibus
659 2187 840 2264 imperabat.
885 2189 949 2250 Ubi
967 2209 1041 2250 uero
1056 2195 1088 2251 et

124 2283 209 2345 haec
234 2283 394 2361 prouincia
419 2284 551 2345 uerbum
579 2286 721 2345 ueritatis
747 2287 942 2364 praedicante
966 2289 1088 2350 Mellito

122 2383 262 2458 accepit,
292 2382 366 2442 fecit
393 2401 448 2442 rex
475 2383 676 2445 Aodilberct⁷
705 2384 741 2444 iu
768 2384 895 2446 ciuitate
922 2387 1088 2448 Lundonia

124 2481 298 2542 ecclesiam
327 2481 426 2541 sancti
447 2482 539 2542 Pauli
563 2483 705 2559 apostoli,
732 2484 766 2542 in
791 2503 853 2560 qua
876 2485 980 2545 locum
1004 2487 1087 2548 sedis

125 2580 366 2658 episcopalis,et
374 2581 447 2658 ipse,
455 2583 487 2640 et
498 2601 686 2642 successores
695 2581 762 2642 eius
773 2583 931 2644 haberent.
960 2583 1085 2646 Iustum

124 2701 209 2741 uero
231 2681 267 2739 in
288 2679 355 2756 ipsa
375 2681 485 2740 Cantia
504 2681 702 2758 Augustinus
727 2681 906 2758 episcopum
929 2682 1086 2742 ordinauit

124 2777 162 2836 in
179 2775 312 2835 ciuitate
323 2774 506 2850 Dorubreui
518 2795 612 2852 quam
627 2795 704 2852 gens
713 2776 892 2853 Anglorum
905 2797 924 2836 a
937 2778 1085 2854 primario

123 2874 294 2954 quondam
322 2873 417 2948 illius,
446 2873 499 2950 qui
527 2873 685 2933 dicebatur
712 2874 803 2950 Hrof,
829 2875 1085 2936 Hrofaescaestrua⁸

122 2972 344 3052 cognominat.
387 2971 491 3032 Distat
510 2974 615 3032 autem
636 2991 654 3032 a
673 2972 851 3048 Doruuerni
872 2974 1002 3034 milibus
1018 2994 1083 3050 pas

122 3093 227 3134 suum
263 3071 360 3130 ferme
390 3070 527 3131 XXIIII
561 3071 599 3130 ad
634 3071 835 3145 occidentem,
866 3073 900 3132 in
935 3093 997 3150 qua
1030 3093 1085 3132 rex

121 3169 333 3232 Aedilberct⁷
350 3169 510 3229 ecclesiam
529 3169 612 3229 beati
627 3170 772 3229 Andreae
785 3170 917 3247 apostoli
932 3171 1012 3245 faut,
1029 3171 1084 3248 qui

121 3271 228 3331 etiam
244 3266 395 3345 episcopis
413 3267 573 3344 utriusque
595 3268 689 3328 huius
706 3269 851 3329 ecclesiae
871 3269 953 3328 dona
972 3269 1081 3344 multa

122 3370 214 3430 sicut
240 3371 273 3426 et
293 3366 552 3444 Doruuernensis,
577 3367 712 3442 obtulit;
742 3369 797 3428 sed
821 3372 853 3428 et
873 3367 1029 3428 territoria
1050 3387 1085 3428 ac

123 3467 345 3547 possessiones
365 3465 398 3524 in
419 3485 511 3526 usum
529 3485 646 3542 eorum,
661 3467 716 3544 qui
730 3470 818 3527 erant
832 3486 905 3527 cum
921 3467 1083 3544 episcopis,

123 3565 252 3627 adiecit

161 3715 170 3744 ¹
189 3713 283 3763 ablata
294 3712 324 3764 C.
335 3713 387 3774 W?
403 3713 487 3762 allata
498 3713 532 3763 D.
581 3713 591 3743 ¹
607 3714 665 3762 eius
676 3714 711 3764 M.
757 3713 768 3742 ⁸
784 3711 961 3777 emptorium
974 3715 1013 3774 ῦς
1028 3729 1083 3763 em·

125 3807 227 3858 porum
241 3791 282 3840 13¹.
309 3789 318 3819 ⁴
335 3791 445 3841 aaberht
462 3791 491 3842 C.
535 3791 545 3822 ⁵
561 3792 735 3840 aedilberchti
753 3793 782 3842 G.
831 3791 841 3818 ⁸
859 3791 1035 3841 aetelberchti
1045 3790 1083 3844 C’.

116 3877 190 3932 from
203 3885 237 3920 ex
249 3885 375 3922 sorore..
389 3867 751 3931 .aetilberchtiom.c¹.1);
773 3874 850 3919 added
859 3875 887 3930 ty
897 3867 968 3919 G¹oa
979 3874 1080 3930 marein.

122 3949 135 3980 ¹
152 3947 309 4000 aedilberht
321 3949 349 3998 0.
450 3947 576 3998 'brosson
587 3951 705 3998 caestu-ao
717 3949 756 4010 B;
773 3947 965 3999 hrofescaectcr
975 3949 1005 3999 c.
