2859 4334
140 272 197 320 cn.
214 263 283 330 xv.]
439 256 553 324 Gentis
575 259 781 343 Anglorum.
1043 261 1083 323 31

138 433 260 506 inertiae,
280 435 394 494 labente
411 433 519 495 eodem
538 455 618 512 rega,
636 434 739 494 looum
757 433 913 509 manendi,
935 436 1020 509 quasi
1031 451 1088 508 pro

135 535 238 606 pallia
259 539 440 608 pugnatum,
472 553 505 592 re
532 535 637 594 autem
664 553 740 593 uera
766 533 846 593 hana
874 537 1084 608 expugnatura,

138 631 293 708 suseipit¹.
339 631 425 692 Inito
444 653 516 710 ergo
535 633 704 694 certamino
718 653 790 694 oum
803 633 954 707 hostibus,
976 637 1031 710 qui
1048 630 1087 691 ab

137 729 284 806 aquilone
324 732 362 790 ad
403 731 500 792 aoiem
541 735 700 807 uenerant,
745 732 909 792 uictoriam
950 750 1089 791 sumsere

138 829 283 890 Saxones
330 830 417 905 Quod
443 829 496 890 ubi
525 831 610 891 domi
638 831 818 891 nuntiatum
846 834 901 905 est,
934 830 1030 890 simul
1057 831 1089 889 et

136 927 257 988 insulae
284 928 435 1002 fertilitas,
466 949 501 989 ao
535 930 666 1008 segnitia
701 930 909 1004 Brettonum3
949 927 1089 990 mittitur

138 1027 304 1087 confestim
346 1027 400 1087 illo
435 1027 543 1088 elassis
571 1030 722 1104 prolixior,
760 1031 951 1088 armatorum
985 1028 1088 1087 ferens

137 1145 268 1186 manum
291 1127 459 1202 fortiorem,
486 1147 563 1205 quae
584 1131 768 1204 praemissas
795 1127 941 1188 adiuncta
968 1126 1087 1186 oohorti

137 1221 356 1280 inuincibilem
380 1222 451 1282 feeit
474 1223 652 1283 exereitum.
675 1222 904 1298 -Susospsrunt
926 1240 1006 1298 ergo,
1034 1219 1088 1296 qui

136 1320 330 1381 aduenerant
338 1319 357 1395 ²,
377 1320 566 1382 donantibus
583 1320 746 1394 Brittanis,
763 1320 867 1380 locum
885 1318 1089 1380 habitationis

137 1419 222 1478 inter
250 1439 310 1493 eos,
341 1437 376 1478 ee
403 1419 591 1494 condicione,
618 1421 653 1478 ut
680 1419 715 1478 hi
742 1438 799 1495 pro
822 1418 939 1495 patriae
960 1437 1032 1494 paea
1056 1419 1088 1476 et

138 1518 241 1577 salute
262 1521 369 1578 eontra
392 1518 584 1578 aduersarios
603 1517 786 1592 militarent,
810 1516 859 1576 illi
879 1516 1089 1576 militantibus

138 1615 244 1676 debita
259 1615 414 1692 stipendia
427 1617 610 1676 conferrent

179 1715 385 1776 Aduenerant
398 1718 503 1774 autem
522 1715 561 1774 de
574 1714 675 1774 tribus
694 1715 878 1774 Germaniae
896 1713 1019 1791 populis
1033 1713 1090 1773 for·
1106 1731 1208 1783 saxona,

138 1813 822 1891 uosamraesrauonuuuangm1utu
867 1815 915 1874 na
928 1811 1090 1873 rutarum³
1106 1790 1206 1895 3353?

139 1913 261 1990 origine
274 1914 349 1972 eunt
364 1911 541 1974 cantuarii⁴
562 1915 594 1972 et
612 1912 766 1974 Uictuarii
775 1914 794 1988 ⁴,
812 1913 872 1972 hoo
887 1915 935 1972 est
954 1931 990 1971 ea
1002 1929 1086 1989 gens,

141 2031 220 2089 quae
235 2011 367 2072 Uaotam
381 2015 468 2072 tenet
481 2011 626 2084 insulam,
640 2015 672 2071 et
685 2031 729 2086 ea,
743 2031 821 2089 quae
840 2031 937 2089 usque
950 2011 1043 2071 hodia
1056 2009 1090 2068 in

141 2109 304 2188 prouincia
339 2109 584 2170 Oooidentalium
620 2111 780 2172 Saxonum
821 2110 965 2172 Iutarum
1007 2108 1092 2169 natio

141 2210 335 2282 nominatur,
352 2210 453 2286 posita
473 2212 578 2269 oontra
592 2209 691 2286 ipsam
708 2210 845 2270 insulam
860 2209 1000 2270 Uectem.
1045 2208 1093 2267 De

141 2306 327 2382 Senonibus,
345 2307 377 2366 id
399 2307 495 2368 sst'aa
513 2307 645 2384 regions,
664 2328 742 2384 quae
761 2329 846 2368 nune
858 2307 1092 2384 Antiquorum⁵

141 2408 303 2468 Saxonum
331 2406 576 2484 cognominatur,
604 2426 716 2466 uenere
744 2407 918 2468 Orientales
945 2407 1089 2478 Saxones,

142 2505 308 2566 lleridiani
322 2505 465 2579 Saxones,
480 2504 605 2565 Occidui
617 2506 763 2566 Saxones
807 2507 905 2566 Porro
915 2506 954 2566 de
967 2505 1089 2582 Anglis,

142 2605 204 2664 hoo
224 2607 272 2663 est
293 2603 332 2663 da
351 2603 406 2663 illa
427 2605 533 2680 patria,
551 2623 628 2680 quae
644 2603 793 2682 Angulus
810 2603 932 2674 dieitur,
947 2607 978 2663 et
996 2604 1035 2662 ab
1056 2623 1092 2662 eo

142 2709 287 2780 tempore
302 2721 399 2780 usque
417 2702 509 2762 hodie
525 2722 651 2762 manere
669 2704 808 2762 desertus
821 2703 905 2763 inter
918 2701 1093 2780 prouincias

143 2801 291 2862 luterum
320 2805 352 2860 et
380 2799 538 2860 Saxonum
564 2799 753 2876 perhibetur,
780 2801 955 2861 Orientelas
983 2801 1089 2878 Angli,

143 2899 367 2962 Mediterranei
394 2897 501 2976 Angli,
533 2899 635 2974 Marci,
667 2902 733 2960 tota
760 2899 1093 2977 Nordanhymbroruna

143 2999 317 3077 progenies,
339 2999 371 3058 id
401 3001 448 3058 est
473 2997 596 3058 illarum
621 2999 773 3074 gentium,
798 3019 878 3075 quae
899 3000 937 3058 ad
962 3000 1094 3059 Boream

144 3096 307 3158 Humbri⁸
342 3095 484 3156 fluminis
511 3096 697 3171 inhabitant,
730 3097 885 3174 ceterique
917 3096 1094 3174 Anglorum

143 3194 253 3274 populi
281 3197 356 3254 sunt
383 3193 452 3254 orti.
497 3193 598 3254 Duoes
625 3193 721 3254 luisse
755 3195 958 3270 perhibentur
986 3215 1093 3254 eorum

42 3318 87 3350 an
101 3323 123 3355 a
143 3294 240 3372 primi
273 3293 335 3353 duo
361 3293 472 3352 fratres
506 3291 660 3368 Hangist⁷
690 3297 721 3353 et
754 3293 876 3367 Horsa;
916 3291 954 3372 le
982 3293 1095 3369 quibus

144 3393 251 3454 Horsa
269 3395 374 3468 postea
390 3390 509 3450 oooisus
530 3390 563 3450 in
583 3390 665 3450 bello
678 3411 697 3450 a
716 3392 927 3465 Brettonibus,
944 3392 1095 3450 haetenus

144 3491 178 3550 in
203 3489 405 3550 orientalibus
427 3489 554 3549 Cantiaa
576 3488 718 3566 partibus
737 3494 980 3548 monumentum
1002 3489 1095 3548 habet

145 3605 204 3644 suo
232 3583 360 3644 nomina
387 3583 517 3662 insigna.
570 3583 669 3644 Erant
697 3587 803 3644 autem
833 3583 891 3642 filii
920 3582 1092 3660 Uietgilsi‘¹,

179 3765 187 3794 ¹
208 3767 327 3828 suscepit
339 3767 366 3814 C.
380 3767 411 3817 N.
426 3765 470 3815 13².
483 3765 528 3826 11„
610 3765 620 3794 ²
637 3771 714 3814 ·runt
727 3768 754 3815 C.
765 3765 810 3816 w.
906 3765 916 3794 ³
934 3765 1051 3814 lotarum
1063 3765 1094 3814 N.

148 3847 155 3874 ¹
171 3849 207 3894 ·ri
221 3845 266 3904 113
284 3847 405 3894 cantuari
418 3845 440 3894 N
452 3861 458 3904 ;
475 3845 607 3894 ueoluarii
619 3845 659 3894 13¹.
892 3843 902 3874 ⁸
917 3844 1053 3905 gaiorum
1065 3843 1089 3891 N
1091 3879 1097 3890 .

148 3927 157 3954 ⁸
173 3925 285 3988 hymbri
299 3923 330 3972 N¹
343 3939 350 3984 ;
366 3923 456 3974 umbri
468 3921 510 3974 N‘.
598 3920 608 3950 ¹
625 3922 750 3985 heangiat
757 3922 786 3973 G.
863 3919 873 3950 ⁸
889 3921 1007 3985 ulotgisli
1016 3923 1044 3971 O.
1052 3921 1084 3972 B.
