2859 4334
149 267 264 333 crau]
452 259 567 326 Gentis
591 261 795 346 duplorum.
1038 264 1099 327 135

148 431 338 506 perfectione
348 433 488 510 eximius,
500 435 628 495 correcti
638 439 714 495 sunt
725 454 781 512 per
790 455 872 508 eum,
890 433 923 494 et
935 436 973 496 ad
989 457 1100 496 uerum

148 526 395 604 canonicumque
415 530 546 605 paschae
567 529 670 589 diem¹
696 529 858 605 translati;
880 549 973 606 quem
994 535 1101 590 tamen

148 627 178 684 et
195 629 289 686 antea
306 646 372 686 non
389 647 512 704 semper
532 628 567 687 in
585 629 659 688 luna
680 629 801 688 XIIII¹¹
819 648 892 688 cum
909 629 1043 703 Iudaeis,
1064 633 1100 688 ut

149 723 278 798 quidam
299 726 447 786 rebantur
455 725 475 801 ²,
499 727 553 786 sed
576 727 611 785 in
633 727 683 787 die
700 727 829 804 quidem
851 727 1016 802 dominica,
1040 727 1101 788 alia

147 825 264 897 tamen,
276 843 370 900 quam
382 824 515 900 decebat,
529 825 701 886 ebdomada
711 825 916 886 celebrabant.
954 826 1100 888 Sciebant

147 921 242 996 enim,
266 927 302 982 ut
323 922 501 999 Christiani,
524 923 781 984 resurrectionem
800 923 998 998 dominicam,
1021 945 1101 1002 quae

147 1019 250 1096 prima
275 1020 395 1081 sabbati
423 1021 503 1082 iacta
530 1026 586 1097 est,
614 1022 715 1098 prima
741 1022 862 1082 sabbati
886 1042 1009 1098 semper
1032 1042 1100 1084 esse

147 1119 385 1194 celebrandam
406 1121 460 1180 sed
479 1123 515 1180 ut
531 1121 651 1181 barbari
668 1125 700 1180 et
719 1120 835 1196 rustici,
853 1122 977 1198 quaudo
991 1122 1098 1182 eadem

146 1218 249 1296 prima
262 1217 389 1290 sabbati,
404 1219 500 1296 quao⁸
511 1239 596 1278 nunc
607 1220 763 1280 dominica
774 1220 840 1279 dies
850 1220 1096 1295 cognominatur,

146 1317 278 1390 ueniret,
295 1317 428 1378 minime
447 1317 625 1378 didicerant
671 1317 792 1378 Uerum
813 1317 887 1394 quia
906 1318 1006 1394 gratia
1025 1319 1097 1378 cari·

145 1415 221 1475 tatis
255 1416 377 1475 feruere
410 1436 476 1476 non
507 1416 687 1491 omiserunt,
718 1419 750 1475 et
780 1415 875 1476 huius
904 1436 1025 1493 quoque
1054 1418 1098 1476 rei

145 1509 294 1570 notitiam
321 1510 360 1569 ad
384 1510 556 1586 perlectum
584 1511 741 1587 percipere
768 1513 955 1569 meruerunt
965 1511 984 1585 ⁴,
1011 1511 1098 1570 iuxta

51 1623 55 1632 '
80 1625 111 1670 in
144 1608 336 1684 promissum
347 1608 358 1640 ⁵
371 1609 502 1685 apostoli
512 1609 665 1670 dicentis:
689 1610 749 1669 ‘Et
763 1609 867 1686 siquid
877 1609 1095 1687 alitersapitis,

39 1713 41 1724 '
144 1711 176 1766 et
189 1707 249 1768 hoc
264 1727 387 1784 quoque
401 1707 489 1768 uobis
503 1707 589 1768 Deus
607 1708 797 1768 reuelabit⁶.'
838 1708 886 1768 De
900 1727 962 1785 quo
975 1709 1099 1785 plenius

143 1805 178 1866 in
192 1805 397 1884 sequentibus
411 1825 468 1866 suo
481 1806 549 1866 loco
562 1807 732 1866 dicendum
745 1808 800 1866 est.

542 2033 635 2095 CAP.
658 2033 696 2094 V.

465 2198 560 2244 neura
570 2198 779 2255 Αωαηεῳῑωῳῑ.

186 2331 239 2390 Aa
253 2329 311 2390 hac
325 2349 397 2408 ergo
410 2329 520 2405 insula,
537 2330 576 2390 sb
590 2331 703 2390 horum
717 2329 847 2407 collegio
861 2329 1094 2404 monachorum,
1115 2341 1250 2411 character

142 2429 182 2488 ad
213 2429 408 2505 prouinciam
431 2429 608 2507 Anglorum
632 2429 857 2488 instituendam
881 2427 937 2488 in'
959 2428 1093 2502 Christo,
1114 2401 1237 2447 ‘'sm''

143 2529 265 2588 missus
285 2531 332 2586 est
356 2528 466 2588 Aedan
478 2529 494 2602 ³,
519 2531 644 2604 accepto
664 2528 761 2605 gradu
782 2527 984 2604 episcopatus
1029 2527 1097 2602 Quo

143 2631 288 2703 tempore
298 2626 398 2687 eidem
410 2627 598 2687 monasterio
613 2626 745 2703 Segeni⁰
755 2625 849 2686 abbas
863 2631 895 2685 et
904 2626 1067 2703 presbyter
1075 2623 1097 2656 ¹⁰

141 2725 288 2802 praefuit
334 2725 427 2785 Unde
440 2725 523 2784 inter
535 2725 596 2784 alia
612 2724 743 2785 uiuendi
759 2725 946 2784 documenta
959 2723 1095 2784 saluber·

140 2824 264 2884 rimum
278 2823 482 2884 abstinentiae
496 2823 548 2883 uel
561 2823 771 2883 continentiae
785 2822 902 2882 clericis
915 2823 1095 2899 exemplum

140 2923 292 3000 reliquit3
326 2921 413 2982 cuius
441 2922 613 2982 doctrinam
640 2921 673 2981 id
701 2921 838 2980 maxime
858 2921 1095 2981 commendabat

141 3021 301 3096 omnibus,
327 3021 409 3098 quod
437 3041 503 3081 non
529 3021 628 3094 aliter,
646 3040 740 3097 quam
765 3019 891 3080 uiuebat
918 3039 990 3078 cum
1018 3019 1091 3096 suia,

140 3123 212 3200 ipse
240 3121 376 3181 docebat
421 3119 475 3179 Nil
498 3120 582 3180 onim
606 3119 701 3179 huius
725 3119 838 3179 mundi
865 3136 1020 3195 quaerere,
1048 3118 1096 3176 nil

140 3239 249 3280 amare
264 3219 397 3279 curabat
437 3198 571 3294 'Cuncta
589 3239 667 3296 quae
681 3218 742 3278 sibi
755 3238 774 3278 a
787 3215 912 3294 regibus
927 3217 978 3276 uel
993 3216 1096 3276 diuiti·

140 3319 204 3379 bns
225 3317 340 3378 saeculi
356 3318 561 3392 donabantur,
578 3337 651 3377 mox
675 3316 869 3394 pauperibus,
886 3315 942 3392 qui
962 3335 1096 3374 occurre

140 3421 223 3492 rent,
259 3435 384 3492 erogare
418 3415 578 3494 gaudebat
623 3415 803 3476 Diseunere
837 3433 892 3489 per
922 3417 1033 3472 cuncta
1064 3416 1096 3472 et

139 3517 264 3576 urbana
277 3517 308 3574 et
322 3514 436 3575 rustica
449 3515 524 3590 loca,
541 3534 605 3574 nou
622 3533 775 3591 equorum
792 3514 891 3586 dorso,
908 3511 962 3571 sed
978 3511 1094 3588 pedum

174 3681 181 3710 ¹
200 3681 275 3730 diem
288 3697 332 3730 om.
344 3680 379 3730 n.
439 3665 441 3670 ¹
549 3677 559 3708 ¹
575 3680 753 3743 reprobantur
765 3678 796 3727 Ν.
911 3677 922 3705 ²
938 3693 970 3725 ea
981 3692 1049 3739 quae
1059 3677 1095 3726 n.

135 3763 148 3792 ⁴
165 3767 196 3812 et
210 3798 216 3810 .
230 3796 236 3809 .
250 3797 256 3808 .
268 3761 426 3809 meruerunt
437 3775 481 3808 om.
493 3757 531 3810 0¹.
631 3759 641 3788 ⁸
658 3759 806 3821 promiaum
818 3757 854 3806 n.
937 3753 947 3783 ⁸
964 3755 1095 3805 reuelautt

136 3841 178 3891 0¹.
191 3839 222 3888 B.
237 3837 279 3888 N’.
350 3835 360 3866 ²
376 3853 425 3901 pro
436 3839 468 3888 N.
535 3835 544 3865 ⁸
561 3838 643 3886 aidan
654 3837 684 3886 B.
696 3836 729 3887 N.
794 3835 804 3864 ¹
821 3839 895 3895 mione
905 3839 928 3884 bo
939 3840 995 3883 read
1007 3849 1094 3898 segem

138 3921 171 3970 in
185 3917 230 3980 n;
246 3931 342 3981 sagene
354 3917 386 3969 N.
477 3915 497 3944 ¹⁰
513 3917 589 3981 preb·
599 3915 637 3966 0¹.
