2859 4334
312 272 378 335 410
625 272 955 360 Epistolulicdead

313 449 499 524 prouocatus
508 449 691 510 accenderis
716 448 804 509 Sicut
814 468 832 510 e
843 449 1005 525 contrario,
1018 449 1047 510 si
1059 449 1264 511 commissum

313 546 402 606 tibia
416 546 552 608 Domino
566 548 728 625 negotium
746 548 855 608 minus
867 548 1035 627 diligenter
1046 548 1261 627 compleueris,
1278 570 1418 616 omen

313 664 369 723 pro
393 646 568 706 retentione
590 647 703 707 talenti
730 668 803 708 cum
829 668 920 709 seruo
946 667 1084 726 nequam
1111 651 1144 708 et
1172 646 1262 725 pigro
1278 635 1404 744 3¹5?ss

311 747 433 821 partem
448 764 481 805 es
494 748 675 823 recepturus
688 746 724 805 in
737 746 845 807 futuro
866 769 875 822 ς
888 748 1025 807 maxime
1038 747 1067 807 si
1080 745 1264 824 temporalia
1277 724 1334 794 xii
1345 766 1381 793 τι

312 843 351 903 ab
369 842 434 904 illis
447 844 612 905 commoda
630 845 788 923 requirere
807 849 903 923 atque
924 845 1061 923 accipere
1081 864 1262 924 praesump

264 998 266 1002 .
311 941 398 1016 seris,
419 942 533 1020 quibus
552 944 642 1004 nulla
663 943 805 1005 caelestis
826 944 971 1005 beneficii
991 945 1074 1006 dona
1094 944 1264 1021 rependere

311 1040 500 1118 probaueris.
542 1042 623 1103 Cum
637 1042 725 1103 enim
738 1043 896 1103 Dominus
908 1044 1039 1104 mittens
1055 1044 1096 1103 ad
1109 1042 1263 1120 euangeli-

312 1140 448 1200 zandum
462 1140 630 1218 discipulos
643 1140 793 1202 dixisset:
816 1142 955 1203 ‘Euntes
967 1145 1074 1203 eutem
1087 1141 1262 1219 praedicate
1279 1159 1375 1204 mm
1391 1174 1413 1203 x

314 1238 451 1299 dicentes
456 1237 815 1318 quiaappmpinquauit'
825 1260 958 1318 regnum
968 1240 1122 1300 caelorum
1131 1240 1153 1313 ;'
1166 1238 1262 1315 paulo
1276 1232 1298 1273 ⁷·

312 1340 383 1415 post
399 1336 544 1398 adiunxit
552 1338 571 1412 ⁸,
589 1338 710 1398 dicens:
728 1338 851 1399 ‘Gratis
871 1339 1038 1417 accepistis
1055 1338 1152 1415 gratis
1169 1338 1263 1413 dcte3
1279 1354 1345 1405 ina
1358 1369 1379 1409 u

313 1431 412 1493 nolite
421 1432 578 1509 possidere
590 1450 715 1506 aurum,
724 1452 825 1509 neque
833 1433 1020 1511 argentum’
1055 1432 1090 1493 si
1102 1452 1176 1509 ergo
1190 1431 1265 1492 illos

312 1532 407 1609 gratis
429 1531 629 1609 euangelium
650 1532 825 1609 praedicare
842 1532 942 1608 iussit,
959 1552 1062 1610 neque
1082 1551 1195 1592 aurum
1211 1532 1264 1592 uel

312 1633 485 1707 argentum,
516 1631 588 1690 uel⁴
615 1630 734 1708 aliquid
761 1631 912 1708 pecuniae
934 1630 1115 1707 temporalis
1140 1630 1180 1690 ab
1206 1630 1262 1704 eis,

313 1728 426 1807 quibus
453 1729 678 1806 praedicabant,
706 1730 843 1807 accipere
866 1729 1031 1807 permisit3
1061 1728 1146 1807 quid,
1177 1748 1260 1807 rogo,

312 1828 378 1888 illis
391 1828 446 1906 qui
459 1828 510 1888 hie
522 1828 676 1889 contrarie
689 1832 811 1905 gerunt,
828 1828 958 1906 periculi
971 1828 1161 1889 immineat?

141 1939 244 1996 uegloct
253 1940 282 1985 or
356 1941 382 2001 7.
405 1928 545 1989 Attende
556 1926 631 2004 quid
646 1926 824 2005 grauissimi
837 1926 962 1987 sceleris
974 1927 1023 1987 illi
1036 1926 1259 2001 commiserint,

139 1999 274 2104 2¹⁸3&
314 2025 414 2103 quiet
429 2028 552 2085 terrena
568 2026 607 2087 ab
625 2025 819 2086 auditoribus
834 2025 901 2086 suis
921 2027 1007 2086 lucra
1024 2025 1263 2103 diligentissime

312 2124 475 2202 requirere,
493 2126 525 2185 et
545 2144 602 2201 pro
621 2142 729 2185 eorum
748 2124 850 2184 salute
870 2128 997 2185 aeterua
1013 2124 1111 2185 nichil
1129 2124 1262 2184 omnino

311 2221 599 2301 praedicandouel
620 2223 822 2299 exhortando,
849 2223 901 2283 uel
925 2222 1121 2300 increpando,
1146 2222 1262 2283 laboris

311 2321 491 2398 impendere
517 2321 741 2382 contendunt&
793 2321 933 2383 Sollicite
961 2325 1056 2400 atque
1087 2321 1263 2382 intentione

312 2419 440 2493 curiosa,
468 2420 600 2481 antistes
627 2403 838 2495 dilectissime,
861 2422 1027 2499 perpende.
1069 2420 1263 2482 Audiuimus

311 2518 406 2595 enim,
423 2522 455 2579 et
469 2519 553 2579 fama
566 2522 622 2594 est,
640 2519 713 2597 quia
726 2520 847 2580 multae
862 2520 958 2581 uillae
975 2539 1010 2579 oc
1028 2518 1127 2581 uiculi
1140 2522 1263 2579 nostrae

310 2617 414 2697 gentis
427 2617 461 2677 in
475 2618 636 2678 montibus
649 2617 713 2679 sint
734 2618 899 2680 inaccessis
917 2638 953 2679 oc
970 2617 1104 2679 saltibus
1120 2617 1262 2678 dumosis

310 2715 414 2794 positi,
440 2717 496 2777 ubi
517 2735 679 2794 nunquam
704 2717 817 2778 multis
841 2716 1078 2778 transeuntibus
1101 2716 1195 2777 annis
1220 2716 1262 2776 sit

311 2814 399 2876 uisus
412 2816 551 2891 antistes,
569 2816 624 2894 qui
637 2816 755 2877 ibidem
770 2815 889 2894 aliquid
898 2815 1066 2877 ministerii
1079 2818 1134 2875 aut
1146 2814 1263 2892 gratiae

311 2915 453 2977 coelestis
464 2914 639 2977 exhibuerit
651 2936 659 2990 ;
674 2935 809 2993 quorum
823 2918 930 2975 tamen
945 2916 1004 2975 ne⁸
1014 2913 1117 2975 unus'
1134 2914 1263 2991 quidem

309 3034 328 3075 a
341 3014 469 3075 tributis
482 3013 616 3077 antistiti
629 3013 797 3075 reddendis
810 3032 880 3074 esse
892 3012 993 3091 possit
1009 3012 1165 3073 immunis
1176 3033 1184 3087 3
1205 3032 1263 3073 nec

309 3113 412 3174 solum
427 3112 542 3173 talibus
552 3112 629 3173 locis
637 3112 717 3173 desit
724 3113 865 3183 antistes,
875 3111 930 3190 qui
939 3132 1053 3173 manus
1060 3110 1262 3189 impositione

309 3212 479 3290 baptizatos
497 3211 502 3291 Ι
521 3210 694 3287 confirmet,
707 3230 821 3272 uerum
835 3211 931 3272 etism
942 3211 1065 3271 ‘omnis
1079 3210 1194 3287 doctor,
1205 3210 1262 3288 qui
1277 3231 1334 3289 ιρι
1346 3233 1369 3275 u

312 3330 365 3371 eos
385 3311 457 3371 uel⁹
480 3310 555 3371 fidei
576 3311 742 3372 ueritatem
768 3310 822 3371 uel
849 3309 1071 3371 discretionem
1099 3310 1200 3370 bonae
1227 3330 1262 3371 ac

311 3409 412 3471 malae
435 3409 567 3469 actionis
594 3410 727 3485 edoceat,
753 3408 844 3470 absit.
890 3409 1003 3486 Sioque
1030 3408 1077 3483 fit,
1103 3406 1173 3468 ut¹⁰
1202 3409 1263 3487 epi·

311 3526 476 3584 scoporum
496 3507 623 3584 quidam
640 3527 706 3567 non
724 3507 829 3568 solum
843 3508 941 3585 gratis
955 3527 1020 3568 non
1034 3506 1258 3584 euangelizent,

311 3605 363 3666 uel
388 3624 501 3666 monus
524 3604 670 3667 fidelibus
691 3606 876 3682 imponant;
906 3625 1017 3668 uerum
1046 3605 1152 3680 etiam,
1177 3606 1260 3684 quod

345 3768 353 3798 ¹
372 3771 401 3819 in
414 3770 466 3821 fut.
477 3786 505 3820 ea
516 3785 567 3821 rec.
579 3771 616 3821 Μ.
734 3769 744 3799 ¹
761 3771 822 3822 -bit
835 3772 874 3822 H.
885 3770 922 3820 ll.
1042 3769 1052 3800 ¹
1069 3772 1213 3822 subiunxit
1223 3770 1257 3822 ll.

313 3847 322 3876 ⁴
335 3852 364 3897 et
375 3847 411 3899 ll.
509 3848 520 3879 ⁸
536 3849 685 3899 intendunt
696 3849 734 3901 M.
834 3851 845 3882 ⁸
861 3864 911 3899 ncc
923 3848 961 3899 Η.
1059 3848 1069 3879 ²
1085 3864 1211 3902 unum
1223 3851 1256 3900 Ι.

312 3924 321 3953 '
336 3929 364 3976 et
376 3926 413 3977 H.
512 3928 522 3959 ⁹
538 3928 582 3978 uel
594 3930 642 3992 qui
653 3944 698 3979 eos
710 3929 745 3980 ll.
847 3928 867 3958 ¹⁰
882 3934 915 3979 ut
925 3944 971 3979 orn.
983 3927 1020 3979 ll.
