2859 4334
132 262 273 328 cavit]
432 253 547 321 Gentis
569 255 774 342 duplorum.
1018 261 1077 325 141

133 425 316 503 appellatur,
333 429 440 490 sedam
461 430 656 508 episcopatus
677 431 808 507 tribuit;
840 433 924 492 unde
942 434 1081 494 offensus

132 525 270 600 grauiter
279 527 477 605 Agilberatus
487 531 503 606 ¹,
515 529 596 607 quod
608 529 683 590 haee
712 531 780 608 ipso
788 531 966 592 inconsulto
976 537 1081 610 ageret

131 643 194 698 rex,
220 625 312 686 rediit
337 627 479 704 Galliam,
504 631 535 688 et
560 633 685 708 accepto
709 632 886 708 episcopatu
911 632 1080 693 Parisiaeae

77 731 89 740 ’“
131 721 277 798 ciuitatis,
295 726 411 786 ibidem
432 747 526 788 senex
546 749 581 790 aa
602 731 716 808 plenus
736 729 858 790 diarum
879 731 964 790 obiit.
1008 732 1080 792 Non

37 821 38 826 ’
131 823 244 886 multis
267 829 372 887 autem
394 828 486 888 annis
509 831 579 906 post
601 828 778 889 absoessum
799 829 866 889 sius
886 848 904 889 a
925 831 1080 891 Brittania

132 926 305 1000 transactis,
322 927 433 1004 pulsus
453 929 519 988 esu
534 931 565 987 et
579 927 658 988 Uini
678 928 716 988 ab
738 929 847 988 eodem
868 949 940 1006 rege
961 930 1000 989 de
1021 930 1081 1007 epi·

130 1028 279 1100 scopatu;
301 1024 355 1104 qui
376 1027 520 1087 secedens
539 1028 578 1086 ad
600 1046 706 1104 regem
723 1024 911 1088 Marciorum
929 1027 1081 1089 uocabulo

131 1123 288 1198 Uulfheri
305 1125 383 1185 amit
395 1124 495 1202 pretio
509 1125 548 1185 ab
563 1145 600 1185 eo
614 1126 721 1186 sedem
735 1126 919 1186 Lundoniae
932 1127 1077 1203 ciuitatis,

130 1223 259 1300 eiusque
294 1224 456 1301 episeopus
486 1244 585 1301 usque
619 1225 658 1284 ad
689 1224 773 1284 uitae
806 1243 880 1284 suae
907 1226 1079 1286 terminum

129 1321 255 1382 mansit.
299 1322 409 1400 Sisque
443 1323 604 1399 prouincia
638 1322 886 1384 Oenidentalium
920 1323 1078 1386 Saxonum
1095 1338 1202 1384 Tuosne

129 1423 271 1498 tempore
284 1439 350 1482 non
363 1441 460 1497 pauco
473 1422 589 1500 absque
603 1421 745 1499 praesule
758 1421 828 1482 fuit.
1096 1402 1194 1443 ΜΨ

170 1519 239 1593 Quo
254 1520 348 1580 etiam
362 1523 502 1597 tempore
521 1541 573 1580 rex
592 1519 749 1598 praelatus
767 1520 866 1597 ipsius
885 1521 997 1598 gentis,
1014 1543 1078 1600 gra·

129 1617 271 1678 uiasimis
304 1619 393 1696 regni
428 1619 477 1679 sui
505 1619 628 1679 damnis
656 1619 836 1696 saepissime
862 1619 902 1679 ab
936 1621 1079 1682 hostibus

127 1717 280 1790 adflictus,
307 1717 435 1778 tandem
459 1719 497 1778 ad
525 1717 709 1778 memoriam
734 1718 866 1793 reduxit,
895 1720 977 1795 quod
1005 1740 1079 1780 eum

127 1815 251 1892 pridem
275 1817 406 1893 perfidia
432 1837 527 1895 regno
551 1817 667 1894 pulerit
677 1817 695 1890 ⁴,
723 1817 801 1876 fides
828 1819 934 1894 agnita
961 1818 1079 1879 Christi

127 1916 161 1976 in
175 1935 310 1992 regnum
324 1916 532 1991 reuocauerit3
553 1916 778 1992 intellexitque,
797 1917 879 1994 quod
894 1917 1080 1979 etiamtunc

126 2014 278 2075 destituta
291 2014 437 2092 pontifice
449 2013 609 2092 prouincia
623 2016 705 2074 reete
719 2014 836 2091 pariter
846 2015 970 2075 diuino⁸
983 2017 1078 2078 fuerit

125 2114 277 2174 destituta
300 2113 460 2190 praesidio.
505 2113 592 2174 Misit
614 2133 686 2190 argo
707 2113 868 2190 legatarios
889 2113 923 2173 in
945 2115 1079 2176 Galliam

127 2213 166 2272 ad
181 2212 427 2290 agilberctum‘,
445 2213 612 2273 summissa
632 2212 727 2272 illum
747 2212 956 2273 satisfactione
975 2214 1078 2291 dapre

126 2331 203 2372 cans
226 2311 266 2371 ad
290 2310 502 2388 episcopatum
526 2331 600 2372 suaa
622 2311 725 2389 gantis
748 2310 856 2371 redire.
900 2313 946 2372 At
971 2312 1025 2372 ille
1045 2333 1080 2373 se

126 2428 289 2484 excusans,
314 2409 362 2469 et⁷
386 2410 495 2470 uenire
519 2430 584 2470 non
605 2428 695 2486 posse
716 2411 900 2483 assumtam,
924 2411 997 2486 quia
1019 2413 1080 2489 epi·

126 2511 255 2586 scopatu
291 2507 432 2585 propriae
466 2508 603 2568 ciuitatis
636 2527 670 2568 aa
705 2507 882 2584 parrochiae
920 2511 1080 2570 teneretur

125 2606 302 2680 adstrictus,
320 2610 480 2668 notamen
502 2607 615 2667 obnixe
635 2606 756 2684 petenti
777 2606 824 2666 nil
844 2607 939 2668 ferret
959 2609 1076 2684 auxilii,

127 2705 217 2766 misit
241 2725 298 2782 pro
322 2725 355 2764 se
379 2705 434 2766 illo
458 2705 676 2782 presbyterum
701 2704 905 2766 leutherium
933 2711 1078 2784 nepotem
1096 2717 1235 2788 motuum

126 2825 231 2878 suum,
249 2804 304 2880 qui
323 2803 359 2878 ei,
376 2803 404 2863 si
423 2804 526 2878 uellet,
545 2804 741 2864 ordinaretur
759 2803 941 2881 episeopus3
962 2807 1076 2880 disens,
1096 2777 1191 2832 bshop.

127 2903 212 2982 quod
227 2903 293 2980 ipse
307 2923 379 2962 eum
393 2902 524 2981 dignum
539 2923 606 2962 assa
620 2903 797 2980 episcopatu
812 2903 967 2964 iudicarat
1012 2906 1080 2980 Quo

127 3001 301 3064 honorifica
328 3021 347 3060 a
373 3001 488 3078 populo
516 3004 548 3061 et
575 3023 593 3062 a
621 3021 691 3078 rege
714 3004 867 3078 suscepto,
892 3008 1081 3079 rogauerunt

126 3101 338 3174 Theodorum,
360 3099 364 3180 Ι
383 3103 458 3160 tunc
479 3099 743 3176 arehiepiscopum
764 3099 1016 3162 Doruuernensia
1037 3123 1081 3164 eo·

125 3201 249 3275 alasiae,
272 3201 375 3278 ipsum
397 3199 458 3260 sibi
477 3199 652 3260 antistitem
673 3199 883 3273 eonsecrari⁸5
904 3199 959 3276 qui
979 3221 1081 3262 eonse-

124 3304 233 3360 cratus
267 3299 301 3358 in
336 3299 402 3375 ipse
433 3297 566 3372 ciuitate,
597 3296 710 3357 multis
742 3296 835 3356 annis
869 3297 1078 3375 episcopatum

125 3395 352 3459 Geuissorum⁹
365 3417 404 3456 ex
421 3395 567 3474 synodica
586 3395 743 3454 sanctione
757 3393 842 3454 solus
856 3395 964 3455 sedulo
978 3399 1080 3459 moda

124 3497 251 3558 ramine
265 3495 368 3572 gessit

160 3679 168 3707 ¹
186 3677 327 3728 -berehtus
338 3677 377 3738 ῦς
393 3677 565 3739 egilberiuus
576 3676 608 3726 N.
724 3675 734 3703 ²
750 3677 833 3725 hooc
853 3677 892 3728 13².
1011 3677 1020 3706 ³
1036 3681 1079 3727 ast

121 3779 171 3810 am
184 3761 220 3810 ll.
274 3761 282 3786 ⁸
299 3759 432 3822 depulerit
441 3760 471 3808 Β.
483 3759 523 3820 R..
580 3759 589 3788 ⁵
606 3762 727 3822 paterno,
738 3763 829 3808 indeed
839 3760 976 3822 asperiter
984 3758 1080 3808 diuino

120 3837 381 3900 c.1›.o,.0.-..R¹..
430 3837 440 3866 ¹
456 3837 608 3888 -barahtum
618 3837 646 3888 C.
692 3835 701 3864 ²
721 3839 824 3888 eteoc.
834 3837 875 3888 13².
925 3837 935 3864 ⁸
951 3853 991 3908 -re
1002 3839 1031 3888 Ο.
1045 3838 1078 3888 N.

117 3919 129 3948 ⁹
150 3919 335 3984 geuuiasonam
348 3917 376 3968 C.
