2859 4334
265 260 425 328 Historia
449 259 619 329 Attalum
641 268 776 329 anctore
799 263 992 348 Anonymo.
1036 264 1104 327 389

152 431 306 504 discipline
319 433 443 506 regulari
456 452 507 505 per
516 434 614 491 omnia
623 435 747 491 studens.
783 434 842 492 Nec
851 436 944 493 multa
952 439 1016 507 post
1024 434 1104 491 idem

152 519 324 590 Cyneiridus
331 520 350 590 ¹,
365 521 533 592 pestilentia
548 522 633 593 longe
652 522 767 592 lateque
785 527 941 595 gnesna,
957 541 1023 579 eum
1038 523 1105 579 aliis

152 626 266 678 quoque
285 609 443 681 anglorum
463 609 614 676 nobilibus,
634 609 683 680 qui
701 610 796 681 gratia
815 611 930 683 legendi
951 612 1105 683 scripturas

49 711 60 739 ²
86 730 92 741 ·
152 696 204 753 illc
217 701 438 767 praecesserant,
449 716 466 753 a
478 702 568 754 morte
580 702 645 753 tran
661 699 665 769 ί
681 698 781 755 sitoria
789 703 958 770 perpetuam
968 700 1106 771 migrauit

151 785 190 841 ad
204 785 304 852 uitam,
319 789 350 842 et
363 785 560 842 'ltmberctus'
572 804 632 841 una
649 804 713 842 cum
729 786 874 843 Geolfrido
888 791 917 843 et
934 806 992 843 non
1005 788 1105 857 paucis

150 890 167 931 e
186 874 322 929 iratribus
340 874 401 930 eius
418 874 587 931 monasterii
604 874 747 931 inuitatus
762 892 781 930 a
799 876 953 932 Wilfri'to⁸
971 876 1105 947 episcopo

151 962 189 1017 ad
213 962 419 1018 monesterium
446 962 576 1032 Rypense
603 962 728 1032 secessit,
752 962 802 1019 ubi
832 963 992 1020 Oeolfridus
1022 964 1106 1021 iuxta
1121 976 1277 1045 quosesto

152 1067 260 1106 morem
272 1050 398 1121 regulari
410 1050 541 1105 subditus
553 1050 773 1120 conuersationi,
786 1055 915 1122 tempore
924 1053 1105 1122 precedente,
1123 1036 1211 1091 Bm

150 1156 172 1205 a,
181 1139 311 1208 praefato
324 1137 458 1209 episcopo
471 1139 507 1194 ad
517 1138 739 1209 presbiteratum
747 1139 854 1196 electus
860 1144 946 1209 atque
956 1140 1105 1196 ordinatus

151 1230 205 1294 est,
213 1244 353 1282 annonem
366 1226 480 1283 circiter
488 1225 561 1282 xxss
569 1226 715 1283 ervllum.
764 1227 818 1295 Qui
830 1246 897 1283 mox
909 1227 1056 1284 ordinatus
1068 1229 1104 1285 ob

152 1315 279 1373 studium
304 1315 431 1371 discendi
455 1316 578 1373 maxime
603 1315 681 1372 uitae
705 1315 915 1372 monasterialis
940 1320 970 1372 et
993 1318 1104 1388 gradus,

152 1422 238 1474 quem
251 1402 386 1470 subierat,
398 1404 539 1471 instituta,
552 1403 703 1459 Cantium⁴
716 1404 811 1474 petiit.
1122 1409 1201 1455 visin
1208 1410 1277 1454 Ksnt

189 1508 215 1560 4
236 1491 372 1548 Peruenit
387 1495 418 1549 et
433 1493 470 1547 ad
486 1492 595 1563 Anglos
609 1492 779 1556 Orientales,
795 1495 828 1547 ut
843 1492 956 1549 uideret
971 1492 1107 1548 instituta
1122 1469 1245 1584 ζῆθι

153 1579 302 1635 Botuulfi⁶
320 1579 441 1649 abbatis,
450 1598 536 1650 quem
546 1579 699 1651 singularis
711 1580 789 1637 uitae
802 1584 832 1637 et
844 1580 992 1637 doctrinae
1002 1580 1106 1649 uirum,

151 1668 303 1740 gratiaque
316 1667 456 1739 Spiritus⁶
468 1669 596 1739 plenum,
606 1668 683 1723 fama
692 1668 911 1739 circumquaque
921 1668 1106 1739 uulgauerat;

154 1756 364 1826 instructusque
389 1757 577 1824 abundanter,
597 1760 736 1826 quantum
758 1755 840 1813 breui
863 1756 968 1827 potuit,
989 1758 1105 1813 domum
1123 1760 1270 1830 aeternna

152 1844 249 1913 rediit,
262 1845 333 1901 adeo
350 1849 383 1901 ut
399 1862 483 1901 nemo
500 1862 552 1915 per
568 1845 599 1901 id
615 1844 754 1915 temporis
771 1845 820 1902 uel
836 1844 868 1899 in
884 1844 1105 1912 aecclesiastica,
1123 1820 1212 1875 mpon.

154 1932 202 1989 uel
213 1933 244 1988 in
256 1933 450 1991 monasteriali
464 1934 571 2004 regula,
589 1933 758 1989 doctiorillo
775 1936 872 2004 posset
888 1931 1031 2002 inueniri;
1052 1950 1106 1989 nec

152 2026 253 2077 tamen
265 2020 314 2077 uel
326 2022 437 2093 gradus,
451 2022 498 2077 uel
515 2020 691 2090 eruditionis,
703 2021 751 2077 uel
766 2020 855 2077 etiam
867 2021 1028 2076 nobilitatis
1039 2038 1106 2077 suae

153 2109 270 2175 intuitu,
279 2114 313 2164 ut
322 2109 446 2179 quidam,
456 2110 492 2165 ab
500 2108 674 2165 humilitatis
684 2112 761 2164 stetu
768 2107 862 2165 ualuit
872 2109 1007 2174 reuocari,
1017 2107 1106 2178 quin⁷

152 2198 184 2253 in
215 2197 345 2254 omnibus
376 2196 500 2270 regulari
527 2215 556 2254 se
584 2197 733 2269 satagebat
760 2196 924 2267 mancipare
953 2197 1106 2253 custodiae.

153 2285 301 2355 Siquidem
314 2289 442 2357 tempore
458 2304 518 2341 non
532 2303 623 2357 pauco
638 2286 755 2356 pistoris
771 2285 894 2341 officium
909 2289 1018 2351 tenens,
1031 2285 1106 2341 inter

153 2374 346 2444 cribrandum,
359 2374 558 2444 clibanumque
577 2374 790 2431 accendendum
803 2373 1062 2443 mundandumque,
1076 2377 1107 2430 et

152 2480 244 2533 panes
262 2462 293 2517 in
311 2480 346 2520 eo
363 2463 532 2533 coquendos,
551 2462 757 2533 presbiteratus
772 2460 967 2518 caeremonias
990 2461 1106 2519 sedulus

152 2550 264 2607 discere
283 2551 368 2606 simul
386 2555 416 2607 et
435 2568 567 2608 exercere
587 2569 644 2607 non
663 2550 777 2616 omisit;
796 2568 851 2619 quo
869 2554 998 2621 tempore
1017 2550 1106 2606 etiam

29 2659 54 2687 ²²
83 2678 89 2689 ·
154 2640 159 2709 Ι
177 2639 317 2712 regularis
329 2639 530 2697 obseruantiae
544 2639 710 2709 magisterio
724 2638 857 2694 fratribus
870 2655 1001 2708 praeesse
1014 2637 1106 2693 iussus

154 2732 279 2799 estque,
289 2745 341 2797 pro
351 2728 440 2784 insita
448 2727 503 2783 sibi
512 2727 673 2785 eruditione
683 2727 767 2783 simul
778 2731 808 2784 et
817 2726 872 2783 zeli
883 2727 994 2783 feruore
1003 2724 1107 2795 diuini,

154 2820 186 2873 et
199 2815 303 2871 inscios
315 2815 474 2884 instituere,
488 2818 518 2873 et
530 2819 712 2871 contumaces
725 2815 897 2885 redarguere
910 2813 1037 2871 deberet.

193 2918 214 2975 5.
236 2904 276 2960 Ut
287 2922 356 2961 uero
369 2907 484 2975 tempus
496 2904 603 2969 aderat,
616 2920 672 2973 quo
685 2921 750 2960 eum
764 2902 894 2959 caelestis
905 2901 1021 2958 Arbiter
1034 2900 1105 2957 emi-
1122 2907 1279 2979 damnasse

154 2993 268 3051 nentius
299 2996 436 3049 rectorem
466 2992 560 3049 lacere
591 2992 758 3049 decreuerat
784 2992 944 3047 animarum
969 2988 1103 3053 fidelium,
1123 2969 1176 3013 ‘¹¹⁰²
1191 2968 1279 3021 ΜΨ

154 3082 257 3139 beatae
270 3081 422 3138 memoriae
438 3084 535 3151 pastor
552 3084 582 3136 ct
596 3080 670 3136 abba
683 3084 780 3136 noster
795 3079 975 3146 Benedictus,
988 3076 1106 3149 cognita
1122 3026 1279 3131 otibifflffl

154 3168 331 3241 eruditionis,
362 3168 519 3240 religionis,
550 3173 580 3225 et
616 3167 775 3224 industriae
811 3167 872 3223 eius
903 3166 1006 3238 gratia,
1039 3184 1105 3221 cum
1121 3145 1218 3191 mouth.

154 3257 359 3314 monasterium
376 3257 437 3321 hoc,
460 3256 491 3311 in
511 3274 567 3327 quo
589 3273 640 3311 nos
658 3273 781 3327 superna
797 3255 891 3325 pietas
909 3253 1105 3326 congregauit,

153 3345 304 3403 instituere
319 3344 510 3416 disposuisset,
525 3344 602 3400 hunc
618 3343 673 3399 sibi
690 3362 708 3399 a
723 3346 881 3399 memorate
895 3345 956 3399 eius
973 3341 1106 3413 episcopo

154 3434 315 3491 adiutorem
340 3436 370 3489 et
392 3435 606 3502 cooperatorem
631 3431 805 3488 monasticae
829 3429 1020 3487 institutionis
1044 3429 1107 3485 dari

155 3521 299 3587 obtinuit;
318 3538 375 3577 non
391 3520 460 3590 quia
475 3523 575 3578 turne
593 3520 713 3591 peritiae
727 3519 772 3574 uir
787 3519 848 3575 eius
859 3516 1038 3589 magisterio,
1050 3535 1106 3586 quo

154 3610 216 3681 ipse
224 3608 395 3674 inhaeretur,
405 3625 475 3679 opus
483 3608 622 3676 habuerit,
632 3626 698 3664 cum
710 3606 858 3663 multoties
870 3606 965 3662 mare⁸
975 3604 1107 3675 transito,

187 3766 194 3795 ¹
212 3764 351 3815 kiniridus
362 3767 384 3815 t.
460 3760 660 3813 ‘tumberhtus
672 3764 694 3815 t.
769 3759 841 3811 ¹·do
853 3764 875 3812 t.
939 3759 1058 3810 *cantis
1071 3760 1108 3810 11.

152 3843 279 3894 'botulfi
291 3845 311 3893 t.
408 3841 548 3905 ‘spiritus
559 3842 647 3891 uncti
659 3842 679 3891 d.
772 3837 1109 3903 ²qnt11,scs'rtaasrasars

153 3925 252 3983 querit.
345 3920 476 3971 'maria
