2859 4334
306 260 397 327 894,
602 257 642 325 H
642 258 761 325 istoria
783 257 957 325 Achatem

307 449 372 487 cum
397 430 515 488 heberet
539 432 657 488 fratrem
681 430 775 487 carnis
799 429 916 502 quidem
934 429 991 487 sibi
1008 428 1255 501 consanguinitate

306 520 474 591 proximum,
487 520 536 576 sed
548 520 648 591 inopia
659 519 753 577 cordis
764 538 783 577 a
794 538 825 577 se
834 518 999 590 longissime
1008 518 1173 575 umnam.

345 622 385 676 17.
402 607 582 663 Constitutus
595 611 639 665 eet
651 610 749 665 autem
761 607 803 662 ibi
814 607 903 664 abbas
912 606 1071 663 ceolfridus
1082 606 1170 663 tertio
1182 624 1256 665 anno
1272 608 1349 653 M·

153 682 158 693 ’
187 682 249 787 {ing
306 696 382 767 regis
394 695 541 761 Aldfridi¹,
555 695 713 753 indictione
723 695 823 767 prims,
832 698 934 765 quarto
941 694 1042 749 iduum
1051 694 1193 749 liciorum
1202 694 1255 761 die,
1271 668 1333 725 ξ’*

243 775 249 798 ’
306 783 355 855 qui
380 786 443 840 erat
467 802 559 839 annue
582 787 701 841 cotenus
718 801 754 841 ex
778 801 834 853 quo
853 782 1058 839 monasterium
1077 781 1156 837 besti
1175 781 1257 838 Pauli

133 946 138 957 Ι
206 861 228 964 Ῐὲ
256 894 261 915 ⁸
305 872 485 928 fundauerat.
522 871 560 928 Et
574 874 673 929 eodem
687 889 763 929 enno
779 870 952 929 uenersbilis
969 870 1057 925 abbas
1074 873 1105 927 et
1120 869 1256 926 diaconus

187 954 192 965 '
231 953 236 965 '
306 959 454 1032 Sigfn'dus,
479 961 566 1031 longa
591 956 723 1017 excoctus
747 958 919 1030 egritudine,
943 956 1082 1029 migrauit
1105 958 1143 1013 ed
1168 976 1257 1029 regna

305 1047 448 1116 caelestis,
468 1048 524 1102 ·X1·
542 1048 599 1103 kal
637 1047 812 1119 Septembris
821 1046 841 1118 ¹,
860 1046 947 1104 tertio
972 1064 1058 1115 quam
1082 1046 1171 1101 abbas
1196 1064 1256 1105 esse

305 1139 438 1207 caeperat
448 1152 532 1191 anno.
563 1135 656 1199 Porro,
667 1136 737 1191 anni
748 1136 894 1205 sequentis
906 1136 1037 1202 exordiis,
1046 1134 1076 1189 id
1085 1138 1138 1199 est,
1147 1133 1205 1189 ·11-⁸
1216 1134 1256 1189 iu

305 1224 365 1279 lan.
402 1224 462 1280 Deo
484 1224 607 1281 dilectus
631 1224 706 1281 abbo
727 1224 909 1291 Benedictus,
928 1228 959 1281 et
982 1224 1044 1295 ipse
1062 1226 1128 1294 post
1152 1222 1257 1293 longae

304 1310 449 1367 caminum
478 1310 662 1379 infirmitatis,
693 1309 726 1365 in
750 1329 807 1381 que
830 1312 891 1368 Deo
912 1329 1026 1383 semper
1044 1328 1130 1382 egere
1148 1310 1258 1383 gnum

304 1399 422 1465 nolebat
443 1398 572 1470 requiem
595 1398 748 1468 lucemque
771 1399 850 1456 uitse
874 1399 990 1456 celestis
1016 1398 1098 1467 adiit,
1119 1398 1202 1453 annis
1225 1398 1257 1453 in

305 1485 445 1559 regimine
458 1486 653 1543 monasteriali
665 1485 789 1544 sedecim
801 1488 917 1545 exactis

343 1578 382 1630 18.
401 1574 471 1631 Octo
482 1573 607 1645 quippe‘
619 1592 708 1631 annos
720 1574 781 1645 ipse
793 1574 873 1631 besti
886 1575 964 1632 Petri
972 1573 1097 1646 apostoli
1111 1578 1255 1631 monaste·
1270 1584 1306 1629 ib.

305 1662 380 1718 rium
392 1662 520 1735 regebat,
534 1667 563 1719 et
575 1662 646 1719 elios
657 1662 782 1719 totidem
794 1664 884 1719 etiam
895 1663 974 1721 besti
988 1662 1070 1719 Pauli
1082 1662 1257 1719 monasterio

303 1769 356 1821 per
372 1750 548 1807 ceolfridum
568 1768 666 1807 curem
682 1750 879 1822 inpendebat3
897 1750 1155 1823 quorumprimis‘
1172 1751 1258 1805 ΙΙΙΙΜ

302 1840 387 1895 annis
397 1838 603 1896 monasterium
612 1838 691 1896 beati
705 1839 791 1906 Petri,
800 1839 874 1896 sicut
886 1840 1019 1911 superius
1031 1839 1193 1911 expositum
1202 1843 1257 1902 eet.

301 1926 506 1999 AEosterwyni⁸
537 1926 677 1995 adiutore,
708 1928 907 1999 gubernatam
934 1928 1119 1999 sequentibus
1144 1928 1256 1983 tribus⁷

302 2017 465 2087 Sigfridum
478 2014 581 2071 ultimo
589 2015 773 2084 ceolfridum,
782 2018 907 2074 habebat
929 2021 934 2082 l
957 2016 1077 2089 regendi
1084 2021 1255 2073 consortem.
1269 2026 1290 2072 t.
1302 2034 1329 2073 as
1338 2029 1360 2073 b.

303 2104 437 2173 Sepultus
456 2106 499 2161 est
517 2108 615 2161 autem
635 2104 809 2162 Benedictus
825 2104 857 2161 in
876 2105 989 2176 porticu
1007 2104 1086 2161 beati
1111 2104 1197 2171 Petri,
1217 2106 1256 2161 ed

303 2194 444 2250 orientem
461 2192 569 2259 altaris,
588 2194 638 2251 ubi
653 2194 834 2264 postmodum
853 2194 943 2251 etiam
961 2194 1256 2253 reuerentissimornm

301 2282 438 2338 abbatum
451 2281 638 2337 Essterwini⁸
651 2286 681 2339 et
694 2282 814 2354 Sigfridi
826 2287 893 2339 sunt
905 2300 968 2339 ossa
978 2282 1127 2339 canente

341 2386 381 2439 19.
400 2371 459 2437 Quo
472 2370 508 2425 sd
520 2370 614 2425 uitam
627 2370 768 2426 translato
780 2371 816 2427 de
828 2374 927 2437 morte,
938 2370 1096 2427 ceolfridus
1105 2370 1253 2441 utriusque
1270 2380 1307 2428 ib.
1319 2384 1332 2441 ς
1344 2396 1374 2437 ις
1414 2395 1415 2402 ¹

301 2456 477 2522 monasterii,
490 2458 539 2514 uel
553 2458 651 2527 potius
664 2458 748 2515 unius
763 2458 930 2516 monosterii
947 2458 1056 2515 duobus
1069 2458 1100 2513 in
1112 2458 1183 2514 locis
1194 2459 1255 2529 siti,

301 2564 396 2602 curam
423 2545 555 2615 suscepit,
582 2551 612 2603 et
635 2564 689 2617 per
717 2564 806 2603 annos
835 2546 940 2619 uiginti
971 2550 1083 2617 septem
1117 2546 1256 2617 uigilanti

300 2633 431 2690 sollertia
449 2634 577 2690 seruauit
585 2636 603 2690 ⁸.
652 2634 724 2691 Erat
736 2635 814 2691 enim
831 2634 878 2691 uir
892 2652 960 2691 scor
978 2634 1105 2707 ingenio.
1123 2639 1255 2693 strennus

300 2728 375 2791 ectu,
389 2723 501 2778 feruens
519 2721 580 2779 zelo
600 2722 722 2788 iustitie,
743 2722 866 2795 flagrans
882 2740 980 2781 emore
999 2723 1084 2779 simul
1102 2727 1134 2779 et
1151 2724 1255 2783 timore

300 2810 408 2879 diuino,
430 2827 546 2867 seuerus
570 2810 601 2865 in
621 2811 809 2883 corripiendis
829 2811 1025 2882 peccantibus,
1049 2810 1131 2867 mitis
1154 2810 1187 2867 in
1209 2828 1256 2869 re·

300 2898 435 2955 fouendis
449 2897 673 2968 paenitentibus,
691 2899 834 2957 studiosus
854 2898 886 2955 in
900 2900 1047 2955 cernendis
1061 2899 1255 2970 docendisque

300 2984 437 3057 regularis
456 2986 536 3041 uitae
555 2986 679 3055 statutis,
693 2986 836 3059 benignus
854 2987 885 3042 in
899 2986 1073 3058 pauperibus
1091 2990 1256 3046 mercandis

298 3078 387 3142 atque
401 3072 559 3128 elemosina
570 3072 672 3133 danda
686 3073 782 3145 largus
794 3074 884 3139 etiem
901 3075 932 3129 in
945 3074 1070 3145 pecunia
1083 3074 1131 3129 uel
1147 3092 1185 3131 ea
1199 3094 1257 3146 que

298 3161 452 3230 petebatur
469 3160 609 3227 donanda,
630 3160 675 3217 uel
700 3178 737 3217 ea
754 3178 829 3231 quse
847 3160 905 3232 ipsi
925 3161 1104 3217 donabatur⁹
1121 3180 1257 3221 remune-

299 3249 396 3317 randa,
410 3247 571 3305 orationum
590 3250 620 3305 et
638 3238 814 3319 psalmodise
832 3249 970 3321 religiose
981 3248 1145 3319 frequentis
1157 3268 1254 3307 curem

298 3347 409 3403 gerens.

128 3435 269 3491 mpsrity
335 3433 378 3474 20.
397 3418 497 3487 ltaque
523 3418 703 3483 monasterie
729 3418 830 3489 quibus
855 3422 999 3490 prsesrot,
1024 3424 1056 3476 et
1083 3420 1257 3477 extrinsecis
1271 3428 1306 3475 us

127 3497 282 3601 gtlffiffl·
300 3506 480 3563 abundanter
493 3506 596 3577 opibus
612 3512 643 3563 et
659 3525 717 3563 non
734 3507 830 3563 minus
843 3507 1034 3577 locupletabit
1051 3507 1176 3564 internis
1183 3510 1212 3575 ¹⁰,
1224 3516 1258 3567 et

127 3614 277 3661 underhinn
333 3619 484 3671 ¹alfridit.
574 3620 773 3671 'semtembris
786 3620 822 3671 Η.
921 3621 1069 3685 ’pridies
1147 3623 1257 3685 ‘qnin-

299 3702 383 3763 quell.
485 3702 647 3765 'primurn
752 3701 930 3772 ‘psterwino
944 3703 987 3751 -ni
998 3704 1019 3752 δ.
1125 3700 1257 3768 'quippe

299 3779 420 3829 tribuet.
495 3778 640 3830 ⁸ser-usbit
653 3780 688 3831 Η.
724 3783 1257 3843 Instecdoj‘utriusque....semnbit'

300 3857 322 3906 t.
334 3858 537 3915 mostiscssmm
547 3860 698 3909 Bede'sVlts
705 3860 776 3910 Abb.
786 3877 806 3911 c.
817 3874 864 3922 15:
878 3862 1002 3922 ‘utrique
1009 3863 1177 3911 monasterio
1187 3900 1194 3913 .
1206 3898 1215 3913 .
1229 3900 1237 3911 .
1248 3902 1258 3915 .

301 3937 559 4002 perficerecurauit!
624 3942 761 3991 'buntur
772 3943 808 3994 H.
875 3942 895 3972 ¹⁰
910 3943 1062 3994 inferiunt.
