2859 4334
130 251 250 316 en.11.]
433 241 548 308 Gentis
569 241 775 327 Aaplorurn.
1015 243 1078 304 205

130 417 354 477 contraderent
399 415 522 478 Indicio
546 421 602 492 est,
628 418 710 495 quod
739 436 838 494 usque
860 415 954 476 hodie
978 435 1081 492 auper-

131 519 206 575 sunt
236 517 275 575 de
301 535 409 576 eorum
437 517 604 593 discipulis,
636 517 690 595 qui
718 517 863 576 Latinam
888 517 1081 592 Grecamque
1097 527 1204 572 Sohoola

129 615 272 693 linguam
285 633 383 690 aeque
400 617 437 674 ut
454 616 619 693 propriam,
637 617 671 676 in
691 634 753 692 qua
766 615 832 675 nati
853 616 935 689 sunt,
953 617 1077 674 norunt

130 713 240 791 Neque
260 733 409 790 umquam
430 733 563 791 prorsus,
582 734 620 774 ex
636 735 698 792 qao
713 714 902 774 Brittaniam
921 715 1080 790 petierunt

129 812 237 890 Angli,
268 811 404 872 feliciora
430 813 517 873 luere
543 815 702 890 tempora;
730 813 808 872 dum
834 814 867 873 et
893 812 1081 872 fortissimos

130 911 386 990 Christianosque
412 911 562 972 habentes
596 931 685 989 reges
712 912 833 972 cunctis
859 910 997 971 barbaris
1030 929 1080 970 na·

131 1011 269 1072 tionibus
296 1016 399 1073 essent
423 1012 543 1087 terrori,
575 1014 607 1072 et
635 1011 779 1071 omnium
807 1013 882 1070 uota
909 1010 948 1070 ad
979 1029 1081 1086 nuper

130 1111 236 1170 audita
254 1111 393 1171 caelestis
411 1112 499 1188 regni
519 1111 631 1188 gaudia
647 1111 827 1187 penderent,
841 1111 874 1169 et
892 1109 1080 1185 quicumque

130 1207 316 1270 lectionibus
329 1213 423 1270 saone
436 1211 585 1286 cuperent
598 1209 722 1283 erudiri,
738 1209 889 1269 haberent
905 1208 939 1266 in
953 1209 1080 1284 promtu

130 1307 302 1384 magistros,
320 1309 373 1386 qui
387 1310 541 1369 docerent

171 1407 233 1467 Sed
255 1411 287 1467 et
308 1429 402 1469 sonos
420 1407 565 1468 cantandi
587 1407 620 1466 in
642 1406 777 1481 ecclesie,
799 1425 877 1484 quoe
897 1408 1025 1466 eatenus
1045 1405 1079 1464 in
1098 1415 1184 1461 lanais

132 1505 243 1566 Cantia
265 1511 389 1568 tantum
411 1509 571 1581 nouerant,
589 1505 627 1566 ab
650 1506 708 1566 hoo
730 1509 873 1582 tempore
895 1524 952 1581 per
971 1523 1081 1564 omnes

131 1605 309 1683 Anglorum
339 1605 482 1666 ecclesias
516 1606 633 1666 discere
666 1607 853 1681 coeperunt;
887 1603 1076 1679 primusque,

131 1707 258 1780 excepto
292 1704 411 1780 Iacobo,
442 1704 481 1764 de
515 1724 577 1782 quo
611 1703 721 1781 supra¹
756 1703 903 1774 diximus,
933 1700 1081 1761 cantandi

132 1803 282 1880 magister
300 1802 655 1882 Nordanhymbrorum²
671 1801 808 1862 ecclesiis
828 1799 949 1860 Aeddi³
970 1820 1080 1877 cogno·

132 1905 241 1962 mento
262 1901 439 1979 Stephanus
461 1901 530 1976 fuit,
546 1901 699 1961 inuitatus
718 1899 757 1960 de
777 1899 888 1960 (tantia
905 1918 1080 1960 areueren·

131 2000 254 2060 tIaeimo
267 2000 336 2060 uiro
357 2000 501 2074 Uilirido,
519 1999 575 2076 qui
592 1999 715 2076 primus
733 1999 818 2058 inter
835 1998 1004 2075 episcopos,
1026 1997 1080 2074 qui

131 2100 170 2158 de
184 2098 360 2177 Anglorum
375 2102 467 2177 gente
481 2102 592 2173 essent,
610 2097 798 2157 catholicum
816 2096 945 2156 uiuendi
959 2115 1080 2156 morem

131 2198 268 2259 eeclesiis
281 2198 459 2276 Anglorum
475 2198 593 2258 tradere
607 2195 725 2257 didicit.

48 2365 53 2376 ,
173 2298 285 2374 Itaque
310 2297 490 2357 Theodorus
514 2296 707 2373 perlustrans
734 2295 889 2372 uniuersa,
919 2294 1081 2356 ordinabat
1097 2299 1242 2355 neposiaion

34 2379 87 2466 [ω’
131 2397 210 2457 loeis
231 2395 393 2472 oportunis
414 2395 579 2472 episcopos,
603 2397 634 2455 et
653 2414 696 2469 ea,
719 2414 801 2471 quae·
819 2395 927 2454 minus
945 2394 1082 2471 perlecta
1096 2360 1231 2474 iffi&

131 2496 276 2573 repperit,
290 2494 341 2556 his
353 2513 475 2572 quoque
489 2493 671 2554 iuuantibus
684 2494 866 2570 corrigebat
911 2493 952 2554 In
967 2492 1081 2572 quibus

131 2599 163 2655 et
191 2594 313 2656 Ceadda
340 2593 520 2670 episcopum
542 2611 614 2651 eum
635 2593 778 2670 argueret
805 2612 870 2652 non
897 2592 995 2652 fuisse
1021 2591 1081 2651 n‘te

131 2695 354 2767 consecratum,
378 2691 568 2768 respondens
590 2690 676 2768 ipae⁴
697 2709 773 2750 uoce
797 2690 997 2750 humillima:
1027 2689 1081 2750 ‘Si

130 2793 205 2868 me,'
226 2791 339 2868 inquit,
369 2791 472 2851 ‘nosti
496 2790 707 2866 episcopatum
731 2809 796 2850 non
818 2789 878 2849 rite
900 2789 1080 2866 suscepisse,

131 2892 268 2954 libenter
297 2889 336 2950 ab
363 2888 463 2950 officio
491 2889 633 2962 disoedo;
668 2888 784 2965 quippe
809 2887 866 2966 qui
899 2909 1001 2966 neque
1028 2907 1081 2948 me

130 3009 283 3068 umquam
297 2988 355 3048 hoc
367 3007 435 3048 esee
448 2988 580 3064 dignum
589 2987 779 3062 arbitrabar,
799 2988 854 3047 aed
868 2987 1081 3047 oboedientiae

130 3108 224 3151 causa
241 3087 343 3148 iussus
363 3086 466 3147 subire
484 3086 551 3162 hoc,
573 3085 719 3162 quemuis
735 3085 892 3164 indignus,
916 3085 1081 3146 consensi’

130 3189 177 3248 At
198 3185 254 3246 ille
275 3185 406 3247 audiens
426 3184 639 3245 humilitatem
660 3184 801 3260 responsi
822 3184 897 3259 eiua,
914 3183 995 3244 dixit
1014 3203 1080 3243 non

130 3306 205 3346 eum
224 3285 436 3362 episcopatum
458 3282 634 3344 dimittere⁶
655 3283 787 3358 debere;
806 3283 860 3342 aed
877 3283 943 3360 ipse
961 3282 1082 3343 ordina·

131 3385 253 3446 tionem
280 3383 347 3444 eius
378 3383 481 3444 denuo
508 3381 660 3443 catholica
686 3381 807 3442 ratione
837 3380 1077 3442 consummauit.

131 3483 178 3544 Eo
199 3485 305 3544 autem
326 3487 472 3559 tempore,
491 3501 552 3559 quo
573 3479 720 3541 defuncto
739 3479 911 3540 Deusdedit
929 3480 1081 3540 Doruuer

130 3583 223 3644 nensi
259 3582 403 3642 ecclesiae
434 3581 596 3658 episcopus
626 3578 838 3656 quaerebatur,
869 3579 1077 3654 ordinabam,

44 3697 63 3726 e.
78 3697 112 3737 ¹⁴·
130 3681 323 3756 mittebatur,
356 3679 472 3740 Uilfrid
507 3697 630 3756 quoque
660 3677 698 3738 de
734 3677 892 3738 Brittania
926 3677 1081 3739 Gelliam⁸

162 3839 170 3868 ¹
190 3839 314 3901 superius
325 3837 355 3888 G.
449 3833 460 3864 ¹
475 3836 589 3884 nortan·
599 3835 629 3886 O.
727 3833 738 3864 ⁸
754 3833 815 3884 aedi
826 3833 861 3886 N.
959 3833 969 3863 ¹
984 3835 1037 3898 ipsi
1048 3835 1082 3886 B.

130 3919 140 3950 ⁵
156 3917 203 3968 de-
214 3917 252 3967 ll.
317 3911 328 3942 ⁶
344 3916 375 3964 in
385 3913 496 3978 galliam
508 3914 540 3964 B.
