2859 4334
329 233 372 294 20
599 227 759 292 Historia
781 222 1013 290 aeclesiastica
1179 227 1246 292 [im
1257 233 1281 280 1.
1400 300 1401 309 ἵ

328 404 500 482 gaudenter
528 403 653 464 ferebat.
697 403 743 462 At
770 400 824 461 ubi
851 401 947 460 iudex
971 395 1082 458 illum¹
1113 392 1285 454 tormentis

328 502 474 578 superari,
486 503 537 562 uel
551 523 569 562 a
582 501 668 562 cultu
684 501 876 561 Christianae
890 495 1051 575 religionis
1064 492 1202 554 reuocari
1216 512 1285 552 non

327 620 417 678 posse
430 600 592 677 persensit,
610 600 708 676 capite
721 619 795 658 eum
808 597 900 675 plecti
914 595 1013 656 iussit
1400 690 1401 695 η

368 699 510 776 Cumque
529 699 568 759 ad
587 701 722 758 mortem
742 697 914 766 duceretur,
931 692 1076 772 peruenit
1094 691 1134 751 ad
1148 690 1282 763 flumen,
1400 768 1401 779 ἵ

327 798 409 874 quod
424 817 515 857 muro
529 801 561 857 et
576 797 697 870 harena,
715 796 770 856 ubi
786 795 946 854 feriendus
965 796 1037 866 erat,
1055 795 1164 851 meatu
1182 789 1187 868 1
1206 790 1285 866 rapi·
1301 800 1357 850 tre

326 895 455 955 dissimo
464 896 675 968 diuidebatur;
692 894 834 970 uiditque
844 893 887 952 ibi
899 912 962 952 non
973 911 1102 968 paruam
1112 889 1284 949 hominnm

241 1009 244 1021 ¹
328 994 566 1054 multitudinem
587 994 749 1071 utriusque
769 1012 869 1066 sexus,
886 989 1075 1052 condicionis
1090 989 1234 1049 diuersae
1252 990 1286 1046 et

327 1092 445 1167 aetatis,
470 1112 548 1169 qnae
569 1092 636 1152 sine
657 1092 752 1152 dubio
773 1090 946 1151 diuinitatis
966 1089 1120 1149 instinctu
1138 1087 1179 1146 ad
1199 1086 1287 1146 obse

328 1190 437 1266 quium
452 1191 622 1250 beatissimi
637 1190 823 1250 confessoris
836 1208 871 1248 ac
888 1188 1037 1265 martyris
1050 1185 1230 1259 uocabatur,
1252 1187 1284 1243 et

328 1289 372 1348 ita
392 1289 534 1349 fluminis
555 1290 653 1366 ipsius
676 1289 843 1366 occupabat
863 1291 1002 1366 pontem,
1029 1285 1085 1346 ut’
1109 1285 1195 1344 intra
1218 1304 1286 1344 ues·
1400 1284 1401 1287 ’

327 1407 433 1463 peram
469 1388 602 1448 transire
629 1388 683 1447 uix
711 1390 824 1466 posset.
880 1385 1024 1462 Denique
1054 1382 1176 1444 cunctis
1203 1403 1288 1476 pene
1400 1472 1401 1477 η

327 1486 465 1563 egressis,
496 1487 589 1546 iudex
611 1486 679 1546 sine
704 1486 852 1562 obsequio
877 1486 910 1545 in
936 1484 1063 1544 ciuitate
1087 1482 1282 1542 substiterat

327 1583 431 1660 Igitur
457 1589 585 1645 sanctus
611 1585 765 1660 Albanus,
797 1585 848 1645 cui
876 1585 988 1644 urdene
1022 1583 1124 1642 inerat
1157 1580 1285 1641 deuotio

327 1683 445 1742 mentis
472 1685 509 1744 ad
541 1683 729 1760 martyrium
758 1684 842 1743 ocius
874 1683 1046 1760 peruenire,
1077 1680 1209 1741 accessit
1245 1679 1284 1738 ad

328 1784 508 1848 torrentem,
525 1784 556 1842 et
578 1782 716 1860 dirigens
737 1783 776 1842 ad
795 1783 914 1842 caelum
934 1782 1047 1856 oculos,
1059 1780 1150 1862 ¹illico
1171 1778 1285 1839 siccato
1400 1780 1401 1791 ¹

327 1879 424 1954 alueo,
455 1880 536 1940 uidit
567 1882 683 1941 undam
716 1881 781 1941 suis
813 1881 940 1941 cessisse
976 1901 1012 1941 ac
1039 1881 1126 1940 uiam
1162 1877 1285 1939 dedisse
1400 1956 1401 1961 η

327 1978 474 2054 uestigiis.
521 1979 703 2054 Quodnam
725 1980 808 2040 inter
829 1981 907 2040 alios
927 1980 1023 2040 etiam
1043 1979 1111 2057 ipse
1133 1977 1281 2048 carnifex,
1400 2028 1401 2063 ἐ

327 2076 382 2152 qui
407 2097 479 2137 eum
501 2097 701 2153 percussurus
723 2082 795 2153 erat,
820 2079 958 2153 uidisset,
982 2079 1146 2139 festinauit
1167 2077 1205 2153 ei,
1229 2074 1284 2134 ubi

327 2175 365 2235 ad
386 2176 489 2236 locum
503 2176 709 2237 destinatum³
724 2179 819 2238 morti
833 2181 970 2253 uenerat,
987 2197 1155 2251 occurrere,
1174 2177 1284 2237 diuino
1400 2256 1401 2259 Ἴ

328 2274 480 2334 nimirum
496 2275 676 2335 admonitus
690 2276 852 2350 instinctu,
869 2277 1068 2354 proiectoque
1086 2297 1169 2352 ense,
1187 2296 1284 2354 quem
1400 2276 1401 2283 '

328 2375 472 2432 strictum
494 2376 645 2448 tenuerat,
670 2375 800 2450 pedibus
824 2375 891 2435 eius
916 2376 1097 2436 aduolnitur
1105 2378 1125 2449 ⁴,
1143 2377 1283 2436 multum

329 2471 515 2546 desiderare,
539 2475 575 2531 ut
595 2492 667 2533 cunr
691 2477 838 2551 martyre,
860 2475 912 2533 uel
934 2495 990 2551 pro
1012 2477 1159 2552 martyre,
1187 2495 1283 2552 quem
1400 2560 1401 2563 Ἴ

328 2573 488 2645 percutere
508 2570 678 2647 iubebatur,
703 2571 770 2648 ipse
791 2573 896 2649 potius
916 2576 1089 2633 mereretur
1108 2575 1240 2650 percuti

370 2667 454 2727 Dum
482 2687 554 2745 ergo
585 2669 613 2728 is
640 2690 678 2729 ex
706 2675 902 2746 persecutore
929 2672 1032 2732 factus
1055 2677 1138 2733 esset
1166 2674 1284 2752 collega
1400 2704 1401 2715 ¹

329 2766 470 2825 ueritatis
484 2770 515 2826 et
529 2767 610 2842 fidei,
629 2788 663 2827 ac
682 2769 801 2829 iacente
815 2771 897 2830 ferro
918 2775 1000 2831 esset
1020 2771 1104 2831 inter
1122 2774 1284 2833 carnifices
1400 2756 1401 2779 Τ

327 2865 409 2924 iusta
436 2866 600 2939 cunctatio,
628 2871 769 2928 montem
793 2890 863 2929 cum
889 2871 991 2930 turbis
1013 2872 1285 2933 reuerentissimus

329 2961 387 3020 Dei
410 2963 567 3022 confessor
590 2965 747 3040 ascendit;
775 2968 830 3044 qni
855 2972 1008 3045 oportune
1032 2959 1163 3045 laetr'rs‘,
1189 2972 1286 3048 gratia

329 3060 553 3136 decentissima,
572 3063 753 3140 quingentis
767 3065 831 3125 fere
845 3067 987 3142 passibus
999 3069 1039 3129 ab
1054 3067 1192 3129 harena⁸
1205 3071 1284 3130 situs

328 3161 383 3232 est,
414 3159 509 3218 uariis
532 3159 698 3220 herbarum
723 3162 851 3223 floribus
879 3166 1027 3242 depictuS,
1058 3167 1160 3227 immo
1186 3189 1283 3246 nsque

329 3275 450 3331 quaque
471 3257 604 3318 uestitus
615 3281 623 3332 ;
650 3259 684 3318 in
705 3281 767 3337 quo
787 3263 868 3321 nihil
889 3269 1018 3340 repente
1038 3268 1183 3340 arduum,
1203 3268 1282 3328 nihil

329 3373 481 3430 praeceps
495 3356 575 3414 nihil
589 3357 765 3434 abruptum,
778 3380 872 3436 quem
886 3362 1037 3424 lateribus
1051 3365 1147 3443 longe
1162 3369 1284 3446 lateque

329 3451 497 3510 deductum
509 3452 542 3510 in
552 3455 682 3514 modum
692 3458 835 3534 aequoris
844 3463 955 3521 nature
965 3465 1143 3540 conplanat,
1153 3467 1283 3544 dignum

330 3548 473 3609 uidelicet
498 3571 580 3626 eum,
607 3573 663 3628 pro
683 3554 779 3615 insita
799 3558 859 3616 sibi
883 3560 984 3634 speeie
1008 3565 1198 3638 uenustetis,
1222 3566 1283 3625 iam
1400 3606 1401 3613 κ

330 3645 405 3704 olim
434 3649 573 3725 reddens,
604 3651 657 3727 qui
685 3653 769 3713 beati
802 3658 951 3734 martyris
978 3679 1088 3720 cruore
1116 3663 1279 3724 dicaretur.

364 3785 834 3848 ¹illumom.lll¹;torm.illumlll².
927 3800 1037 3850 ²etlli¹.
1142 3805 1285 3854 ’dist-ll.

331 3863 339 3890 ⁴
357 3863 513 3914 aduoluitur
525 3884 567 3915 mn.
581 3869 611 3918 B.
688 3872 698 3900 ⁵
715 3873 800 3923 lectus
812 3876 845 3926 N.
920 3880 931 3909 ⁶
947 3880 1049 3929 herena
1061 3880 1109 3931 M1.
