2859 4334
143 313 261 380 clau]
449 277 564 370 Gentis
586 301 791 388 Anplorum.
1052 302 1092 366 91

139 478 261 537 mentis
277 477 411 552 uesania,
428 479 460 537 et
480 476 609 554 spiritus
629 475 777 537 inmundi
797 476 959 536 inuasione
978 496 1096 553 preme·

138 576 241 638 batur.

180 673 283 736 Auxit
297 676 402 734 autem
417 673 584 751 procellam
603 673 732 734 huiusce
745 673 987 751 perturbationis
999 674 1095 735 etiam
1112 689 1163 733 and
1174 688 1257 733 senex.

136 791 227 832 mors
255 770 410 832 Sabercti¹
432 772 515 850 regis
540 767 748 833 Orientalium
770 772 939 849 Saxonum,
964 772 1019 850 qui
1040 773 1096 833 ubi

135 891 236 949 regna
255 871 402 948 perennia
415 873 525 948 petens
543 875 607 932 tres
628 891 701 931 suos
721 871 810 947 filios,
828 872 883 948 qui
901 871 1014 950 pagani
1031 892 1097 949 per·

136 971 338 1043 durauerant,
350 969 437 1047 regni
449 969 631 1047 temporalis
642 969 771 1030 heredes
781 969 916 1047 reliquit,
928 971 1096 1047 coeperunt

135 1067 187 1128 illi
216 1085 291 1126 mox
311 1065 480 1144 idolatriae,
513 1085 615 1145 quam,
640 1067 769 1128 uiuente
794 1087 838 1144 eo,
863 1066 1095 1145 aliquantulum

135 1161 347 1224 intermisisse
374 1164 569 1241 uidebantur,
600 1165 703 1242 palam
732 1165 857 1240 semire,
888 1165 1096 1242 subiectisque

134 1263 264 1339 populis
277 1262 360 1323 idola
374 1263 495 1324 colendi
509 1263 638 1325 liberam
653 1264 727 1324 dare
741 1263 907 1325 licentiam.
953 1265 1095 1340 Oumque

136 1361 284 1421 uiderent
312 1362 500 1439 pontificem,
525 1364 687 1424 celebratis
711 1362 746 1423 in
771 1364 900 1423 ecclesia
925 1363 1094 1422 missamm

136 1459 322 1536 sollemniis,
355 1460 592 1522 eucharistiam¹
621 1462 737 1538 populo
766 1461 847 1537 dare,
879 1461 1030 1535 dicebant,
1058 1465 1094 1521 ut

137 1559 237 1636 uulgo
251 1559 357 1634 fertur,
374 1560 413 1620 ad
435 1580 508 1620 eum
527 1560 656 1621 barbara
676 1561 778 1620 inflati
794 1561 949 1621 stultitia:
973 1560 1094 1635 ‘Quare

137 1676 205 1716 non
227 1659 260 1716 et
281 1657 371 1718 nobis
391 1658 524 1736 porrigis
544 1677 657 1734 panem
676 1657 822 1732 nitidum,
845 1678 940 1735 quern
961 1662 992 1718 et
1012 1658 1094 1736 patri

138 1759 251 1816 nostro
273 1757 352 1816 Saba
359 1757 391 1832 ζ’
410 1756 454 1816 sic
475 1775 611 1834 namque
628 1777 700 1817 eum
722 1757 878 1834 appellare
898 1760 1091 1831 consuerant,

140 1851 265 1930 ‘dabas
282 1857 313 1914 et
327 1856 442 1933 populo
455 1855 556 1915 adhue
570 1855 642 1915 dare
655 1855 689 1914 in
704 1854 829 1915 ecelesia
849 1875 914 1915 uon
928 1855 1094 1915 desistis?'

137 1953 263 2028 Quibus
290 1953 345 2014 ille
368 1953 592 2031 respondebat:
623 1953 674 2014 ‘Si
697 1953 798 2014 uultis
821 1954 907 2014 ablui
930 1953 1017 2013 fonte
1037 1953 1093 2013 illo

136 2051 276 2127 salutari,
302 2071 364 2130 quo
383 2055 472 2130 pater
492 2055 597 2113 uester
618 2052 745 2112 ablutus
765 2054 821 2125 eet,
845 2051 976 2128 potestis
995 2052 1091 2112 etiam

134 2152 230 2230 panis
251 2151 358 2226 sancti,
375 2151 426 2211 cui
447 2151 501 2211 ille
514 2151 725 2228 participabat,
750 2171 817 2210 esse
835 2151 1019 2227 participes;
1041 2152 1091 2212 sin

133 2255 246 2311 autam
266 2251 425 2310 lauacrum
446 2250 530 2310 uitae
549 2249 759 2324 contemnitis,
784 2248 964 2309 nullatenus
981 2250 1093 2312 ualetis

133 2369 253 2427 panem
268 2349 350 2410 uitse
365 2348 541 2426 percipere’
575 2352 620 2410 At
634 2349 700 2410 illi:
726 2348 919 2423 ‘Nolumus’
932 2348 1089 2425 inquiunt,

33 2469 37 2498 τ
138 2449 279 2508 ‘fontem
298 2448 390 2508 illum
409 2448 532 2524 intrare,
550 2447 623 2526 quia
642 2467 698 2508 nec
717 2467 795 2526 opus
808 2447 865 2507 illo
884 2445 888 2527 Ι
906 2468 964 2508 nos
978 2447 1092 2507 habere

132 2547 296 2622 nouimus,
310 2547 364 2607 sed
379 2550 485 2607 tamen
496 2565 576 2625 pane
586 2547 642 2607 illo
652 2547 737 2606 refici
747 2545 915 2606 uolumus!
950 2545 1092 2624 Cumque

131 2646 306 2724 diligenter
319 2665 355 2706 ec
369 2663 458 2723 saepe
471 2646 512 2706 ab
528 2645 583 2706 illo
602 2649 708 2706 essent
725 2645 879 2706 admoniti
893 2665 1090 2722 nequaquam

131 2746 180 2806 ita
202 2744 270 2804 fieri
290 2763 389 2822 posse,
411 2747 447 2805 ut
467 2745 583 2822 absque
603 2745 788 2824 purgatione
808 2747 1000 2805 sacrosancta
1020 2745 1091 2822 quis

130 2843 290 2906 oblationi
327 2847 538 2904 sacrosanctus
576 2845 830 2918 communicaret,
866 2844 905 2902 ad
940 2843 1090 2903 ultimum
1171 2915 1176 2926 ι

129 2945 241 3004 furore
263 2943 411 3003 commoti
425 2942 567 3004 aiebant:
598 2943 606 2973 ‘
616 2941 649 3003 Si
669 2962 733 3002 non
751 2942 800 3002 uis
820 2941 978 3002 adsentire
999 2941 1091 3002 nobis
1108 2954 1220 3000 ueniens

128 3043 167 3103 in
183 3045 251 3102 tam
265 3041 368 3101 facili*
382 3059 480 3116 causa,
498 3059 593 3117 quam
607 3041 753 3117 petimus,
769 3061 834 3100 non
848 3041 964 3118 poteris
977 3040 1041 3101 iam
1054 3041 1091 3100 in
1107 3016 1224 3070 expelled.

127 3143 244 3203 nostra
258 3135 419 3217 prouincia
429 3139 603 3200 demorari!
645 3140 687 3199 Et
701 3139 890 3217 expulerunt
904 3159 985 3214 eum,
1002 3159 1037 3200 ae
1051 3141 1091 3200 de

126 3261 192 3302 suo
205 3257 302 3316 regno
316 3258 389 3298 cum
402 3237 467 3298 suis
482 3238 566 3299 abire
580 3239 747 3299 iusserunt

174 3337 240 3414 Qui
264 3337 412 3415 expulsus
434 3338 508 3398 inde
530 3337 619 3398 uenit
640 3337 791 3413 (lantiam,
808 3341 997 3398 tractaturus
1018 3357 1090 3396 cum

125 3437 305 3500 Laurentio
339 3439 371 3498 et
405 3436 495 3498 Iusto
530 3437 725 3514 coepiscopis,
757 3436 833 3514 quid
868 3435 903 3496 in
931 3435 982 3495 his
1009 3438 1091 3496 esset

123 3536 299 3615 agendum.
344 3536 573 3613 Decretumque
597 3539 644 3596 est
670 3535 831 3596 communi
854 3534 992 3608 consilio,
1018 3532 1091 3612 quia

122 3635 233 3696 satius
256 3636 344 3710 esset
370 3637 406 3695 ut
431 3653 541 3694 omnes
569 3635 703 3711 patriam
725 3635 898 3709 redeuntes,
922 3633 1021 3693 libera
1044 3633 1090 3692 ibi

122 3737 243 3795 mente
263 3733 400 3793 Domino
421 3733 620 3810 deseruirent
644 3751 739 3811 quam
760 3732 844 3792 inter
863 3731 995 3792 rebelles
1015 3731 1091 3792 fidei

160 3864 170 3895 ¹
191 3863 327 3913 noberhtl
339 3863 374 3926 (l;
385 3863 506 3914 sabercti
518 3860 559 3913 13².
690 3861 700 3889 ²
717 3862 769 3911 -bia
777 3861 814 3911 M.
938 3863 948 3892 ³
964 3862 1035 3911 ωδε
1047 3861 1088 3913 13¹.

120 3945 131 3974 ⁴
152 3943 232 3993 felici
245 3941 274 3991 (l.
289 3941 320 3990 D.
