2859 4334
379 227 422 289 80
651 228 810 294 Hiatom'o
831 193 1062 294 Ecclesiastico
1218 237 1273 303 [tn
1288 241 1313 289 u.

379 402 496 477 positos
510 402 634 463 candidi
648 403 792 482 corporis,
809 424 845 464 ac
863 405 992 465 uenusti
1010 403 1128 477 uultus,
1145 401 1314 480 capillorum

379 520 501 578 quoque
522 502 622 563 ferma
645 504 774 580 egregia
817 504 902 579 Quos
923 523 996 563 cum
1019 502 1179 580 aspiceret,
1204 502 1315 560 interro

379 601 473 676 gauit,
490 603 526 660 ut
540 601 636 676 aiunt,
654 602 693 662 de
711 622 774 680 qua
790 603 915 681 regione
932 602 986 663 uel
1003 605 1086 662 terra
1102 603 1209 660 essent
1222 598 1312 659 adlati

379 698 567 776 Dictumque
585 703 639 775 est,
657 701 730 777 quia
749 701 788 761 de
805 701 962 762 Brittania
980 700 1091 774 insula,
1107 700 1199 760 cuius
1212 697 1315 758 incolae

378 797 451 858 talis
465 802 569 859 essent
583 803 731 876 aspectus
762 801 883 860 Rursus
895 799 1107 877 interrogauit,
1125 802 1233 858 utrum
1245 797 1313 856 idem

378 896 517 956 insulani
532 897 708 970 Christiani,
726 918 767 957 an
781 898 911 976 paganis
929 899 1030 959 adhuc
1049 898 1207 957 erroribus
1225 898 1313 955 essent

379 995 527 1071 inplicati.
572 996 719 1057 Dictum¹
733 1001 790 1072 est,
807 998 890 1074 quod
911 1000 1015 1057 essent
1034 996 1155 1074 pagani.
1201 997 1245 1055 At
1263 993 1311 1065 ille,

379 1093 493 1154 intimo
514 1115 553 1155 ex
574 1097 665 1156 corde
686 1095 801 1173 longa²
821 1096 950 1156 trahens
970 1095 1126 1172 suspiria:
1152 1094 1251 1167 ‘Heu
1271 1112 1313 1168 pre

379 1191 466 1252 dolor
479 1194 502 1253 l'
517 1194 628 1270 inquit,
649 1193 750 1270 ‘quod
764 1196 830 1254 tam
849 1194 945 1254 lucidi
959 1194 1069 1254 uultus
1087 1193 1233 1252 homines
1249 1194 1313 1250 tene·

379 1290 504 1351 brarum
532 1295 639 1352 auctor
665 1292 811 1370 possidet,
842 1295 992 1369 tantaque
1018 1291 1119 1370 gratia
1146 1287 1313 1366 frontispicii

380 1393 520 1451 mentem
541 1391 580 1451 ab
604 1390 728 1452 interna
750 1391 849 1468 gratia
869 1411 1010 1464 uacuam¹
1023 1392 1126 1469 gestat
1139 1391 1165 1450 l’
1213 1389 1315 1450 Rursus

379 1507 451 1565 ergo
472 1489 684 1566 interrogauit,
702 1490 786 1566 qued
804 1491 886 1551 esset
903 1489 1091 1550 uocabulum
1110 1489 1215 1567 gentis
1234 1485 1312 1546 illius

381 1587 579 1664 Responsum
608 1591 662 1662 est,
693 1590 776 1666 quod
805 1588 904 1666 Angli
932 1592 1126 1649 uocarentur.
1185 1589 1230 1647 At
1254 1583 1314 1644 ille:

382 1686 509 1760 ‘Bene'
524 1687 646 1764 inquit;
672 1688 763 1746 ‘narn
784 1691 816 1747 et
836 1687 1009 1764 angelicam
1029 1687 1150 1748 habent
1165 1686 1276 1757 faciem
1289 1684 1314 1741 el

380 1782 456 1842 tales
476 1784 657 1862 angelorum
672 1785 706 1844 in
721 1785 814 1846 caelis
832 1786 921 1846 decet
937 1805 1004 1846 eme
1024 1785 1201 1846 coheredes.
1242 1779 1314 1858 Quod

380 1881 472 1942 habet
493 1903 609 1944 nomen
630 1885 697 1961 ipsa
716 1884 885 1961 prouincia,
903 1885 942 1945 de
955 1904 1018 1962 qua
1031 1885 1086 1944 isti
1105 1886 1183 1944 sunt
1196 1879 1315 1944 adlati?’

380 1980 576 2057 Responsum
593 1986 647 2056 est,
665 1983 748 2059 quod
767 1982 854 2043 Deiri
875 1986 1061 2044 uocarentur
1079 1983 1167 2042 idem
1184 1977 1316 2061 prouinci-

378 2079 450 2140 ales.
496 2083 540 2140 At
554 2081 628 2143 ille:
653 2082 777 2157 ‘Bene’
792 2081 905 2159 inquit,
925 2082 1054 2158 ‘Deiri;
1075 2082 1115 2142 de
1131 2083 1179 2142 ira
1195 2078 1277 2150 eruti,
1290 2081 1315 2135 et

379 2178 417 2238 ad
432 2178 673 2240 misericordiam
688 2179 807 2240 Christi
821 2179 933 2241 uocati.
971 2181 1039 2241 Rex
1051 2180 1232 2258 prouinciae
1244 2176 1317 2237 illius

378 2278 534 2353 quomodo
558 2278 776 2355 appellaturl’
817 2279 1016 2356 Responsum
1037 2281 1094 2355 est,
1123 2279 1207 2356 quod
1229 2273 1317 2336 Aelli⁸

379 2375 540 2438 diceretur.
585 2377 630 2436 At
644 2377 698 2436 ille
712 2377 867 2437 adludens
886 2378 924 2438 ad
945 2397 1062 2438 nomen
1079 2378 1145 2438 aitt
1170 2373 1315 2437 ‘Alleluia

378 2473 502 2533 laudem
518 2474 576 2535 Dei
590 2473 743 2535 Creatoris
755 2474 821 2534 illis
833 2476 868 2534 in
884 2476 1026 2553 partibus
1039 2479 1165 2554 oportet
1178 2472 1302 2536 cantari’

418 2574 640 2650 Accedensque
658 2575 695 2634 ad
716 2573 898 2650 pontificem
916 2575 1077 2636 Romanae
1098 2578 1131 2635 et
1151 2571 1320 2652 apostolicae
1390 2566 1391 2571 ’

379 2671 469 2744 sedis,
487 2671 628 2732 nondum
643 2672 728 2731 enim
750 2676 815 2732 erat
832 2672 900 2749 ipse
917 2673 1060 2750 pontifex
1074 2673 1186 2748 factus,
1203 2669 1317 2748 rogauit

379 2773 414 2829 ut
428 2769 514 2847 genti
528 2770 704 2846 Anglorum
728 2771 762 2831 in
784 2771 973 2831 Brittaniam
994 2771 1118 2848 aliquos
1138 2770 1226 2831 uerbi
1245 2765 1321 2828 mini·

379 2871 527 2945 stros,per
540 2887 618 2946 quos
632 2869 669 2928 ad
685 2869 846 2929 Christum
861 2872 1106 2945 conuerteretur,
1123 2870 1277 2938 mitteret3
1294 2883 1321 2922 se

378 2966 482 3043 ipsum
502 2969 646 3043 paratum
667 2968 790 3026 sesain
811 2968 870 3028 hoc
890 2987 970 3044 opus
991 2968 1131 3028 Domino
1153 2968 1321 3045 cooperante

379 3064 611 3142 perficiendum,
629 3065 656 3125 si
670 3067 776 3126 tamen
791 3065 959 3143 apostolico
977 3087 1082 3144 papae,
1101 3067 1162 3127 hoc
1182 3071 1217 3126 ut
1235 3065 1319 3124 fieret

380 3163 520 3240 placeret.
543 3161 546 3241 l
567 3163 654 3238 Quod
676 3164 753 3223 dum
774 3165 922 3240 perficere
948 3185 1014 3226 non
1033 3169 1150 3242 posset,
1169 3165 1246 3242 quia,
1271 3158 1323 3220 etsi
1336 3169 1390 3213 ts·

380 3263 519 3337 pontifex
531 3263 697 3321 concedere
710 3263 768 3337 illi,
782 3264 864 3339 quod
877 3265 1018 3341 petierat,
1029 3264 1144 3338 uoluit,
1155 3285 1219 3324 non
1228 3266 1322 3322 tamen

380 3359 464 3418 ciues
478 3360 619 3434 Romani,
633 3363 746 3420 uttam
760 3361 854 3438 longe
868 3363 907 3422 ab
922 3362 1000 3422 urbe
1013 3363 1195 3438 secederet⁴‚
1208 3366 1323 3440 potuere
1388 3338 1389 3431 l

380 3459 580 3532 permittere;
612 3477 686 3518 mox
708 3461 745 3518 ut
767 3459 835 3535 ipse
857 3461 1059 3537 pontificatus
1083 3462 1186 3522 officio
1208 3461 1323 3520 functus
1388 3480 1389 3505 i

414 3637 421 3664 ¹
439 3637 592 3700 dictumque
603 3639 638 3688 M.
736 3638 746 3668 ¹
755 3644 822 3699 from
833 3645 954 3700 nepam
964 3647 1032 3692 down
1043 3649 1064 3693 to
1075 3649 1112 3693 the
1123 3649 1199 3693 worda
1209 3652 1321 3704 mamm

381 3734 489 3768 auream
507 3737 535 3767 on
553 3735 578 3782 p.
600 3725 778 3782 minatoriis,
795 3728 854 3772 there
871 3727 893 3773 ia
911 3741 928 3773 a
946 3730 1034 3774 leneas
1055 3731 1084 3774 ia
1104 3728 1129 3775 N
1149 3731 1231 3776 maced
1249 3729 1275 3782 te
1291 3725 1318 3768 ld
1387 3760 1388 3779 r

381 3801 424 3846 oss
435 3803 484 3857 osa
489 3802 542 3857 suo
553 3802 581 3857 os
594 3800 726 3862 (monuo)
739 3805 798 3861 een
815 3806 893 3852 eam.
997 3805 1093 3855 ’aelle
1109 3804 1209 3865 c¹.B²;
1223 3803 1271 3853 elle
1286 3797 1321 3848 ς’.
1387 3782 1388 3869 l

381 3874 390 3904 ⁴
408 3877 541 3924 recederet
550 3877 595 3926 Μ’.
