2859 4334
126 276 185 326 cn.
198 269 256 334 xl]
434 260 549 326 (lentie
571 259 776 345 Amnem.
1010 261 1074 324 225

125 435 226 510 tinuo,
240 435 322 512 quod
333 437 439 494 mente
449 437 638 511 conceperat,
652 434 798 512 expleret.
829 434 984 494 Perdocta
992 453 1078 492 nam·

126 553 188 611 que
209 553 227 594 a
248 533 362 611 puellis
380 535 445 593 suis
464 533 502 592 ad
522 533 755 608 monasterium,
773 534 863 610 quia¹
882 533 916 592 in
935 532 1077 610 proximo

127 635 201 706 erat,
226 633 280 692 ubi
308 632 403 692 fidem
430 652 503 692 suae
531 632 702 693 sanationis
726 633 880 710 integram
903 652 937 692 se
963 631 1077 692 habere

127 731 264 808 professa
286 733 341 806 est,
365 732 539 791 introducta
563 733 609 792 est
633 732 672 792 ad
694 732 914 810 cymiterium
942 734 981 806 et,
1005 749 1078 790 oum

127 829 245 891 ibidem
272 831 390 890 diutius
417 830 505 889 flexis
532 831 665 907 genibus
692 833 800 904 oraret,
831 829 933 889 nihilo
959 828 1079 889 tardius

127 930 244 988 meruit
269 930 414 989 exaudin'.
459 929 542 988 Nam
565 949 734 1006 exsurgens
754 928 794 989 ab
814 929 961 1000 oratione,
982 928 1079 1004 prius·

128 1047 223 1104 quam
242 1026 340 1088 exiret
358 1028 397 1087 de
415 1027 490 1102 loeo,
509 1029 625 1104 petitae
645 1027 724 1087 lueis
741 1029 871 1104 gretiam
891 1027 1026 1103 recepit3
1047 1027 1079 1085 et

129 1146 208 1203 quae
228 1125 415 1186 famularum
436 1127 582 1186 manibus
605 1126 738 1187 adducta
759 1126 868 1201 fuerat,
892 1125 959 1202 ipsa
982 1124 1080 1184 libero

129 1225 245 1302 pedum
263 1226 385 1286 incessu
400 1226 530 1286 domum
549 1225 628 1286 laeta
642 1246 767 1285 reuersa
780 1227 848 1299 eet3
868 1225 956 1301 quusi
969 1224 1008 1284 ad
1022 1223 1081 1282 hoo

128 1324 328 1385 solummodo
351 1325 454 1385 lucem
477 1325 634 1386 amitteret
659 1324 872 1401 temporalem,
897 1327 941 1394 ut,
965 1324 1082 1400 quante

128 1427 253 1484 sanctos
266 1423 383 1483 Christi
396 1424 451 1484 lux
465 1423 612 1496 incaelis,
631 1444 708 1502 quae
727 1425 827 1501 gratia
843 1423 971 1483 uirtutis
989 1421 1082 1498 possi·

130 1521 226 1598 deret,
244 1541 299 1582 sua
313 1524 474 1583 sanatione
489 1522 724 1583 demonstraret

518 1772 610 1833 CAP.
636 1772 694 1833 XI.

167 1911 196 1956 Ut
205 1923 246 1954 m
255 1911 356 1956 easdem
364 1910 500 1966 pmuisoias
512 1911 579 1956 Sebbr'
593 1913 620 1956 in
631 1912 784 1957 monachicho
794 1913 870 1957 uitam
882 1911 1053 1957 namneum

555 1995 655 2050 finierit.

172 2108 221 2168 Eo
242 2111 380 2186 tempore
401 2111 538 2187 praeerat
559 2129 654 2187 regno
672 2110 900 2172 Orientalium²
915 2110 1082 2184 Saxonum,
1102 2125 1238 2238 3ster

131 2213 167 2268 ut
181 2208 267 2268 idem
281 2207 375 2268 etism
394 2207 519 2271 libellus
532 2209 628 2284 docet,
646 2210 696 2269 uir
709 2210 847 2270 multum
861 2210 928 2270 Deo
942 2209 1081 2284 deuotus,
1104 2243 1258 2300 Qoffl„

131 2306 262 2366 nomine
283 2307 403 2380 seboin
423 2309 511 2368 cuius
532 2327 625 2385 snpra
646 2310 858 2370 meminimus.
903 2307 979 2369 Erat
999 2310 1085 2367 enim
1103 2305 1165 2348 Μ

131 2405 303 2482 religiosis⁴
318 2406 445 2480 actibus,
462 2405 577 2466 crebris
595 2407 745 2483 precibus,
762 2408 824 2484 piis
842 2407 1086 2485 elimosynamm
1103 2365 1205 2410 suom

130 2503 288 2564 fructibus
307 2504 481 2580 plurimum
502 2505 663 2580 intentus;
684 2505 782 2566 uitam
801 2506 955 2584 priuatam
972 2509 1004 2566 et
1024 2525 1087 2566 mo

132 2603 294 2664 naohicsm
308 2603 426 2662 cunetis
440 2605 528 2680 regni
539 2604 658 2665 diuitiis
669 2607 700 2664 et
714 2605 886 2665 honoribus
900 2605 1084 2682 praeferens,

131 2721 228 2780 quam
248 2704 280 2761 et
299 2701 375 2761 olim
396 2703 467 2776 iem,
485 2702 512 2760 ei
533 2722 598 2762 non
615 2702 788 2763 obstinatus
806 2703 946 2781 coniugis
963 2705 1089 2763 enimus

132 2801 304 2862 diuortium
314 2803 448 2878 negaret,
460 2801 566 2861 relicto
576 2820 672 2878 regno
683 2802 826 2862 subisset.
851 2801 945 2862 Unde
958 2801 1087 2862 multis³

134 2901 240 2960 uisum
265 2902 297 2959 et
319 2919 409 2976 saepe
433 2898 552 2960 dietum
575 2903 630 2974 est,
656 2901 730 2977 quia
753 2901 826 2960 talis
849 2901 948 2960 animi
972 2901 1085 2972 uirum,

134 2999 315 3076 episcopum
327 2999 426 3076 magis
434 3018 527 3075 quem
537 3017 641 3076 regem
653 2999 789 3059 ordinari
797 3000 924 3059 deseret
948 2999 1090 3076 Cumque

133 3116 237 3158 anuos
258 3096 353 3157 XXX
374 3098 408 3156 in
429 3117 524 3175 regno
545 3098 636 3158 miles
656 3098 746 3176 regni
767 3097 907 3157 caelestis
927 3096 1086 3174 exegisset,

69 3241 74 3250 .
134 3197 297 3272 correptus
315 3197 363 3256 est
382 3196 517 3272 eorporis
536 3197 539 3272 l
558 3195 743 3256 infirmitate
763 3197 964 3272 permaxima,
980 3199 1089 3272 quaet

135 3297 283 3355 mortuus
306 3297 374 3367 est3
404 3295 642 3372 ammonuitque
666 3295 840 3372 coniugem,
868 3297 905 3354 ut
933 3294 984 3353 uel
1012 3297 1088 3353 tuno

135 3393 248 3452 diuino
269 3411 302 3451 se
327 3393 454 3452 seruitio
478 3391 594 3469 pariter
615 3393 835 3470 manciparent,
859 3410 931 3452 eum
954 3392 1090 3468 amplius

136 3491 254 3569 pariter
276 3491 431 3551 mundum
453 3491 608 3568 amplecti,
631 3492 682 3552 uel
704 3493 811 3568 potius
832 3491 953 3552 mundo
973 3491 1090 3551 semite

137 3609 204 3650 non
226 3591 362 3666 possent.
407 3589 495 3665 Quod
510 3589 587 3650 dum
605 3609 677 3667 egre
695 3591 866 3667 inpetraret
882 3590 922 3650 ab
941 3609 985 3662 ea,
1002 3590 1091 3649 uenit

137 3689 178 3749 ad
197 3687 373 3747 antistitem
388 3687 570 3748 bundoniae
584 3689 728 3762 ciuitatis,
746 3687 895 3749 uocabulo
910 3687 1088 3763 Usldbeffl,

173 3861 182 3892 ¹
198 3863 271 3926 quod
284 3863 317 3913 N.
389 3862 401 3896 ¹
417 3863 624 3914 oeoidentallum
637 3865 671 3915 N.
741 3863 751 3892 ¹
768 3865 847 3913 sabbe
858 3863 899 3915 0¹.
969 3863 979 3894 ⁴
995 3879 1050 3913 -sus
1062 3865 1093 3916 O.

137 3947 148 3978 ⁵
165 3951 236 3996 tum
250 3945 285 3996 ll.
299 3945 343 4005 Η..
441 3948 452 3977 ⁸
467 3947 536 3996 ualt-
549 3945 591 4006 N,
608 3945 757 3995 uualdhere
768 3947 798 3996 0.

604 4051 623 4102 Q
