2859 4334
294 235 357 299 110
565 232 723 300 Historia
743 231 976 298 Erotesiosto'ro
1127 239 1194 306 [na
1210 243 1245 294 11.

292 427 385 468 eum:
418 407 562 486 ‘Surge'¹
576 407 689 484 inquit,
722 407 830 482 ‘intra
856 411 889 467 et
912 405 1023 484 sopitis
1041 401 1046 484 1
1063 424 1100 466 ac
1126 403 1246 464 relictis
1261 413 1348 470 aaa

293 521 438 562 curarum
448 501 664 578 anxietatibus,
678 502 777 580 quieti
789 501 931 562 membra
944 500 1041 562 simul
1054 503 1086 560 et
1100 500 1246 559 animum

293 621 442 677 conpone,
459 600 532 677 quia
550 605 709 662 mutatum
728 604 777 660 est
794 621 847 660 cor
864 600 954 677 regis,
975 620 1033 660 nec
1051 599 1111 659 tibi
1123 598 1246 676 aliquid

293 700 369 759 mali
390 699 498 773 facero,
520 700 574 760 sed
598 700 694 760 fidem
718 699 823 778 potius
843 699 1017 776 pollicitam
1039 717 1165 758 seruare
1186 697 1248 756 dis·

293 797 402 874 ponit;
419 800 585 875 postquam
599 797 686 858 enim
705 797 925 876 cogitationem
942 817 1040 872 suam,
1057 797 1096 856 de
1110 816 1173 872 qua
1186 795 1247 855 trbi

293 899 367 956 ante
387 896 460 970 dixi,
480 897 605 974 reginae
625 897 661 958 in
681 899 799 957 secreto
815 897 974 971 reuelauit,
993 895 1153 956 reuocauit
1172 915 1247 955 eum

294 993 349 1054 illa
384 994 423 1054 ab
453 994 637 1070 intentione,
668 1014 863 1071 ammonens,
897 994 971 1071 quia
1001 993 1091 1054 nulla
1124 992 1249 1054 ratione

295 1093 460 1153 conueniat
473 1095 562 1153 tanto
576 1094 642 1172 regi
657 1095 794 1154 amicum
814 1113 907 1154 snum
923 1092 1080 1170 optimum
1093 1090 1129 1152 in
1143 1111 1249 1151 necee-

295 1186 387 1247 sitate
404 1187 543 1264 positum
563 1207 638 1248 auro
659 1189 803 1262 uendere,
820 1187 919 1247 immo
935 1187 1030 1246 fidem
1048 1205 1149 1257 suam,
1165 1204 1247 1262 quae

294 1285 442 1346 omnibus
469 1285 661 1347 ornamentis
688 1285 853 1366 pretiosior
880 1289 936 1354 est,
963 1304 1069 1346 amore
1096 1285 1249 1361 pecuniae

294 1384 443 1461 perdere.’
484 1384 566 1460 Quid
580 1385 694 1462 plura?
735 1386 822 1446 Fecit
836 1404 898 1460 rex,
914 1389 952 1444 ut
965 1384 1086 1445 dictum
1100 1386 1168 1456 est;
1189 1401 1249 1442 nec

295 1483 398 1542 solum
431 1482 555 1544 exulem
583 1484 706 1544 nuntiis
733 1483 902 1545 hostilibus
929 1503 993 1544 non
1021 1481 1160 1556 tradidit,
1191 1481 1249 1541 sed

124 1591 161 1632 ns
171 1587 247 1633 fulffl-
296 1581 391 1641 otiam
412 1601 493 1656 eum,
514 1585 551 1642 ut
572 1582 606 1641 in
627 1603 760 1660 regnum
780 1583 965 1660 perueniret,
989 1580 1118 1642 adiuuit
1163 1579 1249 1640 Nam

124 1648 279 1752 'ffiffiih‘'
296 1698 369 1737 mox
397 1678 601 1739 redeuntibus
628 1680 758 1740 domum
785 1679 915 1754 nuntiis,
941 1679 1111 1738 exercitum
1134 1677 1174 1737 ad
1198 1677 1251 1736 de

124 1767 167 1812 ²¹¹⁰
178 1767 238 1812 ¹⁶¹⁰·
296 1777 479 1837 bellandum
507 1777 720 1838 Aedilfridum
749 1778 886 1856 colligit¹
914 1778 1084 1855 copiosum,
1110 1795 1250 1854 eumque

297 1876 358 1937 sibi
383 1879 598 1936 occurrentem
622 1897 695 1937 cum
720 1877 856 1938 exercitu
879 1877 1017 1938 multum
1042 1875 1144 1952 inpari
1167 1875 1249 1954 (non

297 1975 382 2036 enim
397 1974 523 2035 dederat
537 1975 585 2034 illi
596 1976 740 2052 spatium,
755 1995 817 2051 quo
828 1977 931 2035 totum
945 1994 1038 2034 suum
1049 1977 1253 2052 congregaret

296 2080 390 2151 atque
401 2074 550 2136 adunaret
561 2074 755 2150 exercitum),
769 2074 880 2134 occidit
891 2074 925 2133 in
934 2073 1052 2134 finibus
1059 2074 1163 2150 gentis
1171 2074 1254 2133 ller-

298 2175 416 2234 ciorum
428 2175 467 2235 ad
475 2173 658 2234 orientalem
668 2173 792 2250 plagam
801 2172 913 2248 amnis,
925 2172 980 2249 qui
989 2175 1121 2232 uocat-ur
1130 2170 1229 2232 1d1s²
1242 2193 1252 2246 ;

299 2273 332 2333 in
354 2294 415 2350 quo
436 2271 606 2333 certamino
625 2275 657 2331 et
675 2271 761 2330 filius
778 2270 939 2345 Redualdi,
956 2270 1107 2331 uocabulo
1122 2270 1254 2348 Regen-

297 2373 367 2432 heri
375 2374 393 2446 ³,
406 2373 524 2432 occisus
533 2374 589 2431 est.
613 2371 661 2431 Ac
669 2369 714 2429 sie
722 2369 877 2429 Aeduini⁴
886 2369 973 2430 iuxta
982 2369 1151 2443 oraculum,
1164 2369 1251 2447 quod

297 2473 462 2548 acceperat,
476 2491 540 2531 non
555 2472 681 2530 tantum
694 2469 777 2544 regis
787 2467 848 2528 sibi
857 2467 965 2528 infesti
981 2467 1113 2527 insidias
1123 2466 1248 2538 uitauit,

298 2589 408 2630 uerum
423 2569 518 2629 etiam
533 2568 633 2627 eidem
647 2569 787 2644 peremto
795 2567 831 2626 in
842 2567 931 2644 regni
944 2566 1078 2644 gloriam
1089 2566 1249 2627 morosae.

183 2735 188 2746 ‚
340 2667 420 2728 Cum
435 2687 508 2745 ergo
521 2665 736 2744 praedicante⁶
750 2665 883 2726 uerbum
897 2665 958 2724 Dei
968 2665 1103 2724 Paulino
1117 2685 1173 2724 rex
1191 2685 1257 2724 cre-

146 2808 206 2839 uno
227 2794 235 2838 i
300 2768 373 2828 dere
401 2767 548 2839 differret,
580 2768 611 2824 ot
639 2783 694 2840 per
720 2763 845 2841 aliquod
873 2766 1007 2842 tempus,
1035 2766 1072 2824 ut
1099 2764 1251 2838 diximus,

299 2865 386 2926 horis
404 2863 642 2942 conpetentibus
656 2863 815 2923 solitarius
833 2863 962 2939 sederet,
980 2863 1076 2940 quid⁸
1090 2862 1255 2940 agendum

299 2963 361 3024 sibi
382 2966 470 3036 esset,
491 2982 569 3040 quae
590 2961 701 3040 religio
722 2961 887 3038 sequenda,
904 2962 1033 3022 sedulus
1053 2981 1161 3021 secum
1182 2962 1258 3038 ipse

299 3062 429 3122 scrutari
446 3063 633 3135 consuesset,
650 3060 831 3138 ingrediens
844 3061 883 3121 ad
897 3079 972 3120 eum
987 3061 1120 3136 quadam
1133 3060 1187 3120 die
1200 3060 1259 3121 uir

300 3161 368 3236 Dei,
390 3160 528 3237 inposuit
548 3160 707 3219 dexteram
729 3158 823 3235 capiti
842 3158 910 3218 eius
925 3163 966 3235 et,
983 3179 1024 3220 an
1042 3159 1101 3218 hoc
1122 3159 1260 3236 signum

301 3261 488 3337 agnosceret,
503 3256 674 3334 requisiuit.
720 3257 863 3332 Quicum
874 3261 1014 3317 tremens
1027 3258 1067 3318 ad
1080 3257 1176 3334 pedes
1183 3257 1262 3318 eius

302 3358 460 3435 procidere
479 3357 584 3430 uellet,
605 3355 725 3416 leuauit
745 3375 826 3430 eum,
843 3359 876 3416 et
897 3357 985 3433 quasi
1005 3355 1153 3416 familiari
1174 3375 1263 3416 uoce

301 3457 431 3517 affatus:
456 3456 571 3530 ‘Ecca’
582 3454 694 3532 inquit,
710 3454 864 3514 ‘hostium
879 3473 1000 3528 manus,
1014 3473 1093 3530 quos
1103 3453 1259 3530 timuisti,

302 3556 437 3616 Domino
459 3555 595 3615 donante
620 3553 766 3628 suasisti3
800 3573 870 3614 ecce
893 3571 1035 3631 regnum,
1062 3551 1144 3630 quod
1172 3552 1266 3614 desi-

302 3654 424 3729 derasti,
441 3654 508 3730 ipso
532 3652 684 3729 largiente
706 3650 872 3729 percepisti
880 3652 900 3713 ⁷.
945 3652 1114 3727 Memento,
1130 3655 1166 3711 ut
1185 3653 1264 3714 ter-

335 3815 576 3880 ¹collegirM¹.B².
653 3815 751 3866 'idlae
762 3816 792 3866 C.
805 3816 836 3866 B.
928 3815 1265 3878 ’ήθψῦςηθμ-Β,

301 3897 340 3946 ⁴v.
354 3899 417 3945 note
428 3895 445 3958 ⁸,
459 3910 484 3958 p.
500 3911 554 3957 1⁰9
615 3895 715 3945 ³·nc.
784 3894 914 3957 ‘etquid
925 3893 1006 3946 0.B¹.
1055 3889 1265 3960 ‘'cipietil.
