2859 4334
147 277 205 329 eo.
217 272 275 338 1V.]
459 261 575 328 Gentis
597 261 805 346 duplorum.
1033 260 1098 324 213

532 483 624 544 OAP.
649 481 704 543 IV.

147 635 174 681 Ut
183 636 278 682 &tmen
289 635 415 691 episcopus,
426 633 506 680 relicto
517 634 644 692 Brittania,
658 634 704 678 duo
721 634 863 678 nemerici
874 633 901 678 in
913 633 1005 692 Suettio,
1018 645 1097 678 unum

266 716 353 773 Scottis,
367 716 466 758 atterum
477 713 570 773 Anyto,
584 725 640 768 quos
651 725 728 757 smum
738 713 875 772 maweu,
883 713 973 768 jecerit.

184 841 326 901 lernaea
349 840 527 915 Colmsnus,
554 840 608 917 qui
633 840 671 900 de
697 840 814 900 Scottia
836 843 902 900 eret
923 839 1093 916 episcopus,

142 940 324 1017 relinquens
353 939 551 1014 Brittaniam,
575 937 651 1000 tulit
679 957 786 998 secum
812 957 929 1013 omnes,
955 957 1034 1014 quos
1060 939 1094 998 in

141 1037 468 1098 Lindisfarnensium¹
490 1037 595 1098 insule
615 1039 857 1114 congregauerat
877 1037 1018 1110 Scottos;
1039 1037 1093 1096 sed

141 1137 172 1195 et
187 1136 226 1196 de
240 1140 333 1212 gente
346 1138 523 1214 Anglorum
537 1137 622 1195 uiros
636 1135 758 1196 circiter
772 1135 874 1209 XXX,
892 1134 947 1211 qui
968 1134 1094 1211 utrique

51 1258 110 1298 osa
140 1236 339 1296 monachicae
362 1235 607 1295 conuersationis
625 1232 630 1312 Ι
648 1237 738 1294 erant
761 1234 874 1293 studiis
894 1233 1005 1293 inbuti
1050 1233 1093 1292 Et

140 1331 257 1393 relictis
281 1335 315 1393 in
339 1334 468 1394 ecclesia
491 1353 548 1393 suu
565 1332 713 1392 fratribus
736 1332 863 1409 aliquot,
880 1331 982 1408 primo
1004 1332 1092 1392 uenit

138 1431 175 1492 ud
198 1431 336 1493 insulam
359 1433 425 1507 Hii,
445 1433 530 1492 unde
555 1434 619 1492 eret
640 1432 678 1492 ad
701 1429 941 1508 praedicandum
961 1430 1091 1490 uerbum

138 1530 317 1607 Anglorum
338 1532 425 1608 genti
445 1531 620 1590 destinatus
628 1527 647 1590 ².
689 1529 812 1589 Deinde
840 1530 965 1589 secessit
986 1530 1024 1589 ed
1047 1530 1091 1588 in·
1109 1545 1246 1593 nomer.

137 1628 239 1688 sulam
255 1630 412 1706 quandem
427 1649 566 1706 paruum,
584 1649 662 1706 quae
676 1629 715 1688 nd
729 1626 950 1687 occidentalem
965 1628 1089 1704 plagam
1107 1619 1143 1721 {⁰5⁸
1150 1608 1263 1712 ffiff

137 1726 177 1786 ab
207 1727 361 1788 Hibernia
387 1728 495 1805 procul
523 1731 648 1802 secreta,
673 1746 819 1787 sermone
846 1727 981 1786 Scottico
1012 1727 1091 1786 Inie
1107 1726 1255 1772 inlrelanu

137 1825 314 1901 boufinde³,
341 1827 374 1887 id
400 1830 447 1887 est
475 1826 580 1886 insula
609 1826 728 1886 uitulae
755 1825 851 1900 albae,
879 1829 1087 1901 nuncupatur.

137 1924 178 1984 In
198 1925 301 1984 hanc⁴
318 1945 391 2002 ergo
413 1925 606 2002 perueniens,
634 1925 829 1985 construxit⁸
851 1925 1086 2002 monasterium,

135 2027 168 2082 et
190 2025 362 2084 monachos
381 2025 468 2100 inibi,
486 2044 564 2101 quos
585 2024 624 2084 de
645 2027 776 2101 utraque
795 2024 922 2084 natione
943 2023 1090 2084 collectos

134 2122 315 2198 adduxerat,
342 2123 511 2183 oollocsuit
566 2123 627 2197 Qui
651 2143 724 2182 cum
747 2122 884 2183 inuicem
906 2123 1089 2183 concordare

134 2239 200 2281 non
226 2223 363 2298 possent,
391 2241 428 2281 eo
455 2223 538 2298 quod
569 2223 666 2282 Scotti
693 2223 834 2298 tempore
861 2222 995 2296 aestatis,
1026 2241 1089 2298 quo

131 2319 240 2397 surges
263 2323 351 2380 erant
373 2319 570 2397 colligendae,
594 2320 703 2381 relicto
726 2320 915 2380 monasterio
937 2324 1089 2398 pernota

130 2418 193 2478 sibi
208 2417 276 2477 loca
289 2419 419 2496 dispersi
433 2423 628 2497 uagarentur,
645 2423 679 2480 at
699 2439 773 2479 uero
787 2419 891 2479 hieme
905 2419 1088 2479 succedente

129 2516 280 2590 redirent,
305 2518 416 2591 ethis,
441 2537 520 2594 quae
540 2518 638 2596 Angli
659 2521 924 2595 praeparauerant,
947 2537 1086 2577 commu-

128 2615 216 2675 niter
225 2615 273 2674 uti
284 2615 493 2676 desiderarent
504 2638 512 2692 ;
534 2616 688 2694 quaesiuit
701 2617 871 2678 Colmanus
884 2616 957 2676 huic
972 2617 1087 2676 dissen-

125 2715 213 2773 sioni
236 2715 417 2790 remedium,
435 2717 466 2774 et
488 2715 640 2775 circuiens
662 2716 768 2774 omnia
789 2735 885 2792 prope
908 2714 960 2774 uel
982 2715 1083 2793 longe,

125 2811 259 2872 inuenit
277 2812 380 2872 locum
402 2813 436 2872 in
458 2813 632 2874 Hibernie⁸
645 2813 750 2874 insule
769 2817 878 2890 aptum
899 2814 1086 2874 monasterio

124 2910 350 2985 construendo,
363 2912 417 2988 qui
427 2911 533 2988 lingua
544 2912 739 2972 Scottorum⁷
747 2913 820 2989 Mag
828 2920 864 2972 eo
871 2914 881 2944 ⁸
889 2913 1084 2987 nominatur;

123 3011 272 3088 emitque
287 3012 407 3086 purtem
422 3011 489 3070 eius
504 3030 568 3070 non
582 3012 741 3088 grandem,
757 3012 796 3071 ed
810 3012 1085 3072 constituendum·

122 3109 169 3169 ibi
202 3109 438 3184 monasterium,
468 3129 487 3168 a
514 3109 635 3185 cornito,
666 3110 704 3170 ad
736 3111 825 3170 cuius
858 3111 1085 3188 possessionem

120 3205 328 3286 pertinebat;
349 3227 384 3266 ee
406 3207 585 3268 condicione
608 3209 722 3284 addite,
746 3213 783 3270 ut
806 3231 863 3287 pro
887 3210 954 3286 ipso
978 3213 1081 3284 etiam,

120 3307 179 3384 qui
208 3305 257 3364 eis
279 3303 382 3364 locum
405 3306 623 3382 commodaret,
645 3307 851 3368 consistentes
872 3309 917 3368 ibi
939 3310 1084 3371 monachi

118 3403 270 3466 Domino
280 3422 385 3479 preces
398 3404 546 3464 offerrent
558 3402 586 3466 ¹⁰.
622 3406 663 3465 Et
674 3409 851 3467 constructo
862 3408 968 3467 statim
980 3426 1084 3467 mona·

117 3503 233 3578 sterio,
246 3501 376 3562 iuuante
390 3503 485 3562 etiam
499 3505 613 3563 comite
626 3523 661 3564 sc
675 3505 789 3564 uicinis
799 3507 954 3581 omnibus,
962 3506 1084 3584 Anglos

114 3602 246 3664 ibidem
261 3599 383 3674 locauit,
399 3601 514 3662 relictis
528 3601 562 3661 in
576 3603 712 3679 praefate
726 3603 830 3664 insula
843 3605 965 3666 Scottis
993 3605 1082 3679 Quod

148 3787 156 3816 ¹
175 3785 215 3836 ·si
230 3783 263 3834 G.
330 3781 341 3812 ¹
356 3785 410 3835 dis·
422 3785 458 3836 M.
524 3787 534 3817 ¹
551 3789 636 3838 inhie-
649 3790 671 3838 B
684 3805 690 3850 ;
708 3791 809 3840 inisbo-
817 3791 846 3841 C.
859 3792 892 3842 N.
958 3792 1030 3842 ‘heo
1042 3793 1079 3844 H.

111 3867 122 3896 ⁸
138 3863 330 3916 construite.
407 3863 417 3892 ⁶
434 3865 579 3917 iberniae.
656 3865 665 3894 '
682 3883 741 3916 -um
751 3885 797 3920 om.
809 3869 845 3920 Μ.
911 3872 921 3901 ¹
937 3887 1032 3934 mugen
1045 3873 1076 3924 N.

111 3947 121 3976 ⁹
137 3941 367 3996 construendum
380 3942 409 3993 0.
476 3942 495 3972 ¹⁰
513 3945 625 3996 offerent
637 3947 673 3998 M.
1017 3942 1023 3955 '
