2859 4334
480 291 614 353 auctore
635 286 828 371 Anoopmo.
1063 282 1128 347 893

216 474 256 529 14.
276 458 360 517 Porro
378 458 409 515 in
426 458 606 524 monasterio,
626 458 672 515 cui
691 458 851 515 ceolfridus
866 460 1009 529 praeerat,
1027 471 1128 511 omnes
1144 457 1271 503 Anocdoto

178 546 229 619 qui
253 547 357 621 legere,
383 549 431 605 ucl
456 548 628 619 praedicare,
654 547 699 604 uel
724 545 870 603 antifonae
892 562 927 601 ac
950 544 1127 615 responsoria
1143 517 1270 633 {Qut

177 634 273 692 dicere
296 639 419 707 possent,
442 635 533 691 ablati
558 638 631 701 sunt,
657 639 780 706 excepto
800 630 863 705 ipso
887 633 992 689 abbate
1017 634 1048 688 et
1069 647 1126 685 nno
1144 633 1248 682 Jsrrow.

177 723 304 794 puerulo,
325 723 375 794 qni
393 724 509 795 abipso
528 724 655 781 nutritus
676 726 706 781 et
724 723 859 789 eruditus
883 738 961 777 nuno
981 737 1071 789 usque
1096 718 1128 773 in

176 812 278 869 eodem
303 812 477 869 monasterio
498 812 669 883 presbyterii
693 812 814 883 gradum
834 814 945 875 tenens,
964 809 1026 865 iure
1046 811 1128 864 aetus

177 899 238 957 cius
259 900 420 957 laudabiles
437 899 568 957 cunctis¹
592 900 664 957 scire
683 900 849 957 nolentibus
872 903 903 955 et
920 897 1027 968 scripto
1050 914 1127 952 com-

176 989 302 1055 mendat,
316 993 346 1046 et
360 988 431 1045 fatu.
460 989 515 1057 Qui
527 988 664 1045 uidelicet
675 988 770 1053 abbas,
780 987 908 1058 praefate
918 985 1014 1058 gratis
1022 986 1126 1057 plegae

176 1076 299 1132 multum
311 1076 410 1141 tristis,
422 1077 570 1147 praecepit
582 1081 622 1141 ut,
636 1076 797 1133 intermisso
806 1074 865 1131 ritu
874 1074 963 1147 priori
971 1072 990 1139 ¹,
1003 1073 1128 1144 psalmo·

174 1164 253 1220 diam
269 1169 369 1232 totam
381 1169 499 1237 praeter
511 1184 628 1237 uespere
648 1170 678 1222 et
696 1164 847 1221 matutinis
855 1163 875 1233 ⁸,
887 1164 947 1220 sine
963 1162 1128 1233 antiphonis

175 1252 379 1325 transigerent.
425 1253 504 1321 Quod
535 1271 600 1310 cum
628 1254 712 1310 unius
739 1252 904 1310 ebdomadis
931 1250 1025 1322 spstio
1050 1249 1127 1307 inter

176 1339 281 1396 multas
294 1340 355 1398 eius
366 1340 498 1397 lacrimas
510 1344 540 1397 et
552 1340 746 1412 querimonias
757 1345 830 1398 esset
842 1340 1004 1404 actitatum,
1017 1338 1126 1394 diutim

175 1429 231 1484 hoc
241 1428 302 1485 fieri
311 1446 368 1485 non
376 1430 478 1493 ferens,
487 1448 582 1485 rursus
591 1430 702 1497 statuit,
710 1433 744 1485 ut
752 1429 935 1485 antifonatae
942 1426 1126 1499 psalmodiae,

35 1534 72 1573 ιτ,
110 1551 116 1562 ·
177 1516 259 1572 iuxta
276 1534 391 1585 morem,
410 1536 508 1574 cumas
528 1517 761 1583 instanrulretur.
780 1516 949 1587 cunctisque
969 1514 1126 1571 adnitenti-

176 1604 237 1672 bus,
256 1622 356 1676 perse
375 1610 405 1662 et
424 1623 508 1676 quem
528 1606 658 1677 praedixi
677 1624 808 1677 puerum,
826 1623 882 1675 qne
899 1607 1050 1668 statuerat,
1069 1621 1128 1659 non

174 1710 265 1762 paruo
290 1710 355 1749 enm
380 1694 476 1751 labore
501 1696 673 1765 complebat,
693 1695 784 1751 donec
805 1693 896 1750 socios
919 1692 1013 1763 operis
1035 1689 1128 1746 diuini

176 1780 347 1838 sufficientes
359 1783 406 1839 uel
419 1782 544 1840 nutriret
555 1784 626 1855 ipse,
639 1783 686 1840 nel
698 1782 815 1839 aliunde
828 1781 986 1853 colligeret.

25 1877 30 1887 ‘
97 1893 104 1921 ι
126 1912 131 1921 .
213 1883 253 1940 ¹5·
272 1870 310 1925 At
328 1869 377 1925 ubi
394 1870 566 1928 Benedictus
578 1889 597 1928 a
612 1872 702 1928 Roma
719 1870 843 1943 patriam
858 1868 1010 1941 peregrine
1025 1885 1127 1935 merce,
1144 1878 1264 1923 Βοιιαιιοι

176 1959 209 2012 ut
217 1974 337 2027 semper,
348 1962 466 2015 onustus
473 1958 600 2025 aduenit,
609 1962 718 2017 mestus
724 1959 841 2029 quidem
853 1957 915 2015 est‘
927 1958 964 2014 de
976 1955 1057 2013 clade
1070 1974 1126 2026 que
1143 1942 1259 2042 ἓξὲξ
1268 2000 1297 2040 or·

176 2044 325 2109 accident,
339 2046 387 2101 sed
399 2046 515 2117 gauisus
528 2047 596 2103 satis
613 2047 681 2119 qnia
692 2046 844 2119 Sigfridus,
856 2046 917 2103 Deo
928 2045 1061 2102 amabilis
1072 2045 1125 2111 uir,
1143 2056 1199 2101 him
1208 2057 1259 2100 sno

175 2149 226 2202 pro
235 2131 403 2190 Eosterwini
415 2135 503 2191 abbas
516 2140 590 2192 esset
599 2136 728 2206 electus;
747 2135 932 2208 precepitque
940 2131 960 2204 ⁸,
969 2137 1003 2189 ut
1012 2151 1126 2204 suscep·
1144 2116 1245 2173 eigrrid.

175 2224 236 2277 tam
261 2221 428 2278 monasterii
458 2240 554 2279 curum
582 2226 696 2281 strenue
719 2228 844 2295 gereret,
868 2222 931 2293 ipso
958 2240 1070 2292 quoque
1094 2222 1126 2277 in

22 2318 29 2361 i
97 2332 129 2363 ιι.
176 2309 308 2367 doctrina
332 2315 362 2367 et
385 2311 563 2368 orationibus
584 2312 713 2369 iuuante.
750 2310 857 2369 Uerum
875 2328 933 2365 non
952 2310 1045 2365 multo
1063 2314 1127 2381 post

177 2402 297 2469 uterque
321 2398 425 2456 incidit
449 2400 480 2456 in
504 2400 710 2469 infirmitatem,
729 2403 760 2456 et
780 2402 925 2456 crescente
942 2416 996 2469 per
1012 2402 1128 2470 tempus

177 2486 317 2551 molestia,
330 2487 361 2543 iu
373 2488 481 2544 lectum
493 2489 577 2545 ambo
589 2491 766 2552 sternuntur,
778 2487 823 2543 ita
833 2490 867 2542 ut
879 2504 915 2543 ne
924 2487 961 2544 ad
971 2486 1127 2543 sedendum

176 2570 293 2641 quidem
306 2570 476 2643 exsurgere⁸
487 2576 612 2644 possent.

22 2654 28 2665 ’
96 2672 128 2701 ¹·
215 2661 255 2714 16.
274 2656 357 2716 Unde
370 2658 444 2715 inito
457 2676 523 2716 cum
536 2660 670 2716 fratribus
682 2658 811 2731 consilio,
824 2658 999 2716 Benedictus
1009 2660 1126 2715 domuit
1142 2672 1251 2719 ceolfrid

175 2746 359 2817 Geoll‘ridnm,
384 2766 506 2819 eumque
530 2747 680 2819 utriusque
706 2748 873 2805 monasterii
898 2748 1034 2805 abbatem
1056 2766 1126 2804 con·
1142 2734 1298 2837 φῶθ’*

174 2834 279 2901 stituit,
293 2834 472 2907 praecipiens
487 2840 520 2891 ut
538 2855 628 2892 unum
644 2854 697 2907 per
709 2836 807 2893 omnia
820 2840 895 2893 esset
910 2836 1124 2902 monaterium,
1141 2863 1239 2897 mom.

175 2922 290 2979 tametsi
320 2924 430 2980 dnobus
460 2924 490 2979 in
520 2924 592 2981 locis
619 2924 753 2996 positum,
783 2941 842 2980 uno
869 2941 981 2995 semper
1008 2922 1125 2980 abbati⁷
1140 2910 1290 3026 amm-V

174 3010 375 3083 gubernatum,
390 3012 491 3069 ecdem
503 3012 650 3085 priuilegii
667 3012 826 3068 munimine
839 3015 984 3077 tutatum
1003 3015 1034 3068 et
1050 3012 1126 3068 sicut

175 3099 462 3173 eiusdempriuilegii,
470 3101 546 3171 qnod
555 3100 748 3173 abAgathcne
757 3116 835 3171 papa
843 3100 1127 3171 susceperat,scripta

174 3187 332 3251 continent,
345 3188 431 3243 simul
443 3192 474 3245 et
487 3188 586 3260 regula
598 3188 690 3245 sancti
703 3188 795 3259 patris
806 3187 966 3255 Benedicti,
979 3204 1126 3258 nunquam

174 3275 281 3331 abbas·
299 3276 393 3333 eidem
415 3277 588 3334 monasterio
606 3276 689 3332 iuxta
707 3276 915 3333 successionem
934 3276 1056 3347 generis,
1077 3277 1127 3333 sed

174 3363 257 3419 iuxta
284 3363 362 3421 uitae
386 3365 504 3422 modum
528 3368 558 3423 et
581 3364 728 3421 doctrinae
753 3368 921 3435 quereretur
945 3364 1124 3434 industrium,

107 3501 113 3513 ,
175 3452 348 3519 secunldum
372 3452 447 3521 quod
469 3451 531 3523 ipse
551 3452 582 3509 in
602 3450 750 3523 prsesenti
774 3450 949 3507 ceolfridum
973 3454 1123 3515 statuerat,

175 3538 385 3612 quimegissibi
394 3539 517 3611 spirituli
526 3558 612 3610 quam
622 3538 730 3597 carneli
739 3540 801 3597 eret
811 3538 982 3611 cognatione
991 3556 1125 3609 conexus,

207 3697 378 3748 ιοιιιιοιοιιδ.
443 3695 625 3749 ‘intermisso
636 3699 692 3749 ritu
709 3699 794 3761 priori
810 3714 857 3748 cm,
877 3700 898 3761 b,
917 3702 1070 3760 abditam
1088 3700 1124 3750 sd

174 3790 269 3827 omnes
280 3775 361 3827 horas
371 3776 512 3839 regulares
579 3775 981 3839 'noemmmstmstutlnssd
1057 3775 1124 3827 ‘ost

173 3854 251 3905 cond.
343 3852 515 3917 'quemi
633 3852 787 3919 ‘exurgere
806 3853 843 3906 11.
965 3851 1088 3905 'abbate
1100 3856 1124 3909 d.

172 3930 359 3985 'abbatemd
