2859 4334
135 281 194 331 eu.
206 277 408 345 xx1[xx111].]
446 267 561 336 Gentis
584 270 788 356 duplorum.
892 256 895 261 Α
1022 273 1085 335 257

178 444 245 518 Qua
272 444 415 504 uidelicet
439 449 529 506 nocte
557 447 713 507 Dominus
741 447 940 524 omnipotens
964 447 1086 509 obitum
1104 457 1203 502 varona

135 543 236 620 ipsius
259 543 294 602 in
322 542 385 603 alio
413 544 537 622 longius
563 545 665 622 posito
689 545 886 621 monasterio,
914 547 996 622 quod
1021 546 1089 622 ipsa
1105 516 1241 620 &qma

136 642 249 702 eodem
277 662 359 702 anno
394 647 615 718 construxerat,
648 648 679 704 et
707 644 884 722 appellatur
913 646 1058 705 Hacanos
1068 644 1085 720 ¹,
1105 635 1189 680 Μ·

137 739 306 800 manifesta
324 741 445 801 uisione
461 743 765 820 reuelaredignatus
780 747 836 804 est.
879 744 955 804 Erat
971 745 1088 821 inipso

137 839 327 899 monasterio
351 841 502 916 quaedam
530 841 776 901 sanctimonialis
803 841 929 917 femina,
961 843 1090 903 nomine

138 939 228 1014 Begu
240 939 258 1010 ²,
277 958 354 1015 quae
367 939 461 998 XXX
475 943 506 998 et
520 939 656 1015 amplius
665 959 766 1000 annos
780 940 940 1001 dedicata⁸
952 942 1089 1002 Domino

138 1036 329 1113 uirginitate,
366 1036 400 1095 in
435 1038 615 1097 monachica
656 1039 891 1099 conuersatione
924 1039 1088 1101 seruiebat.

140 1135 227 1194 Haeo
255 1139 330 1194 tunc
356 1135 391 1194 in
419 1136 600 1196 dormitorio
627 1157 770 1197 soronam
797 1158 940 1214 pausans,
968 1139 1089 1198 audiuit

140 1233 244 1294 subito
265 1233 299 1292 in
320 1253 389 1294 aere
410 1238 520 1294 notum
545 1255 711 1312 campanae
732 1256 855 1311 sonum,
880 1257 942 1314 quo
964 1237 1003 1296 ad
1026 1258 1090 1298 ora·

138 1331 241 1392 tiones
257 1333 383 1393 excitari
399 1333 449 1392 uel
464 1333 624 1392 conuocari
640 1334 790 1409 solebant,
807 1355 879 1394 cum
894 1337 964 1412 quis
981 1357 1089 1396 eorum

138 1431 177 1490 de
198 1431 319 1490 saeculo
340 1431 451 1491 fuisset
471 1435 638 1508 euocatus3
658 1434 843 1510 apertisque,
867 1437 904 1494 ut
923 1434 982 1493 sibi
1003 1434 1099 1512 uide-¹

137 1529 240 1605 batur,
263 1529 368 1604 oculis,
392 1533 517 1607 aspexit,
542 1532 663 1591 detecto
684 1533 797 1592 domus
816 1533 962 1606 culmine,
986 1532 1087 1592 fusam

138 1627 271 1705 desuper
294 1629 418 1690 lucem⁴
447 1631 553 1692 omnia
573 1630 762 1708 repleuiese;
783 1631 834 1690 cui
855 1631 1002 1692 uidelicet
1026 1632 1090 1691 luci

138 1729 217 1788 dum
235 1728 369 1789 sollicita
389 1730 574 1805 intenderet,
592 1731 674 1791 uidit
694 1731 832 1790 animam
855 1730 1011 1806 praefatae
1031 1729 1090 1789 Dei

140 1826 277 1886 famulae
312 1827 346 1887 in
374 1828 441 1906 ipsa
475 1829 550 1900 luce,
584 1830 807 1889 comitantibus
834 1849 869 1888 ac
904 1829 1090 1888 ducentibus

140 1926 270 2002 angelis,
301 1927 338 1986 ad
374 1927 495 1987 caelum
523 1927 606 1988 ferri.
651 1928 795 2004 Cumque
826 1947 937 1987 somno
965 1946 1092 1987 excussa

141 2025 287 2085 uideret⁵
307 2029 424 2086 ceteras
444 2029 609 2102 pausantes
632 2027 711 2086 circa
732 2046 913 2100 assereres,
935 2025 1093 2085 intellexit

142 2124 195 2184 uel
217 2126 252 2184 in
277 2124 408 2192 somnio,
432 2123 483 2184 uel
507 2126 541 2184 in
566 2125 687 2184 uisiono
709 2125 827 2185 mentis
849 2128 1011 2184 ostensum
1032 2124 1092 2183 sibi

142 2243 218 2298 esse,
257 2224 339 2300 quod
376 2223 506 2283 uiderat.
562 2224 741 2300 Statimque
778 2243 956 2300 exsurgens,
994 2222 1093 2283 nimio

141 2323 258 2382 timore
286 2321 457 2398 perterrita,
486 2324 621 2382 cucurrit
645 2323 683 2382 ad
712 2322 879 2399 uirginem,
909 2342 990 2398 quae
1017 2325 1093 2381 tunc

142 2421 334 2480 monasterio
356 2421 530 2481 abbatissae
554 2421 622 2480 uice
645 2421 788 2497 praefuit,
815 2421 865 2480 cui
887 2441 1002 2480 nomen
1028 2421 1094 2480 erat

34 2529 115 2584 [eoa
142 2520 290 2598 Frigyd⁶,
322 2520 461 2598 fletuque
488 2539 523 2580 ac
549 2520 684 2580 lacrimis
713 2521 852 2580 multum
884 2519 1015 2596 perfusa,
1037 2517 1095 2599 iac

141 2619 278 2696 suspiria
311 2617 404 2696 longa
438 2618 574 2694 trahens,
606 2618 767 2678 nuntiauit
800 2621 933 2678 matrem
967 2618 1094 2678 illarum

142 2719 288 2779 omnium
310 2717 409 2778 Hild⁷
433 2716 621 2778 abbatissam
642 2717 706 2776 iam
730 2717 880 2796 migrasse
900 2717 940 2777 de
962 2716 1091 2789 saeculo,

142 2821 175 2878 et
196 2837 230 2876 ss
255 2819 431 2893 aspectante
452 2835 524 2876 cum
545 2817 614 2876 luce
636 2815 788 2890 inmensa,
813 2816 944 2877 ducibus
965 2815 1092 2892 angelis,

141 2915 181 2978 ad
209 2919 352 2976 aeternas
385 2913 497 2974 limina
526 2915 607 2974 lucis
641 2917 672 2974 et
707 2935 914 2992 supernorum
942 2914 1096 2974 consortia

143 3015 264 3076 ciuium
278 3014 461 3074 ascendisse.
507 3013 597 3088 Quod
612 3033 684 3073 oum
699 3013 755 3074 illa
770 3013 917 3085 audisset,
934 3012 1097 3074 suscitauit

143 3119 273 3176 cunctas
287 3133 412 3188 sorores,
431 3115 462 3172 et
477 3112 509 3171 in
525 3112 686 3172 ecclesiam
701 3116 888 3173 conuocatos
905 3110 1097 3172 orationibus

143 3235 178 3275 ac
204 3212 335 3291 psalmis
361 3231 417 3288 pro
444 3211 549 3270 anima
573 3211 683 3272 matris
710 3231 837 3287 operam
865 3212 937 3271 dare
960 3211 1092 3271 monuit.

144 3313 236 3389 Quod
256 3331 327 3371 cum
348 3311 473 3370 residuo
493 3310 593 3370 noctis
615 3313 755 3387 tempore
776 3309 943 3386 diligenter
958 3312 1094 3386 agerent,

144 3411 303 3472 uenerunt
335 3410 437 3486 primo
473 3408 610 3470 diluculo
642 3410 762 3481 fratres,
794 3409 849 3486 qui
877 3407 945 3468 sius
975 3407 1097 3467 obitum

143 3510 336 3582 nuntiarent,
365 3529 383 3568 a
410 3508 486 3584 loco,
517 3508 590 3568 ubi⁸
618 3508 765 3567 defuncta
792 3511 849 3568 est.
895 3507 940 3567 At
961 3505 1033 3567 illae
1056 3525 1098 3564 re

142 3609 336 3688 spondentes
361 3607 509 3668 dixerunt
529 3627 563 3668 se
588 3606 676 3684 prius
695 3605 804 3666 eadem
828 3605 1032 3684 cognouiss03
1055 3609 1094 3675 et,

176 3757 321 3806 ²haoonos
333 3757 362 3806 0.
460 3754 618 3817 ¹begia32.
716 3755 873 3805 ’dicatalt
966 3755 1049 3804 ‘luce
1062 3755 1096 3805 li.

142 3835 286 3886 *aldim
370 3832 509 3897 ⁸·gyd0;
526 3834 583 3897 -gid
596 3833 628 3884 N.
711 3832 895 3883 'hildrudem
907 3831 949 3882 N'.
1025 3835 1099 3882 'ubi

144 3912 415 3974 addedonniarptall.

616 4017 632 4058 S
