2859 4334
132 259 258 326 costra]
427 249 543 318 Gentis
566 253 772 339 Aoglorum.
1014 260 1076 322 211

131 429 281 492 iaculatur
304 431 433 510 fulgora,
461 433 500 493 de
527 435 611 495 oaelo
633 436 765 512 intonat,
789 440 826 498 ut
847 439 1017 518 terrigenas
1039 439 1079 500 ad

130 529 307 592 timendum
329 551 362 592 se
381 532 518 607 suscitet,
537 536 573 593 ut
595 536 687 596 oorda
709 556 819 596 eorum
839 537 873 597 in
894 539 1079 598 memoriam

130 627 228 690 futuri
243 630 367 691 iudioii¹
383 634 508 691 reuocet
517 631 536 707 ²,
554 635 589 692 ut
609 634 786 710 superbiam
815 656 923 696 eorum
940 637 1076 714 dissipet,

129 731 160 786 et
179 729 347 789 conturbet
368 730 535 804 audaciam,
554 732 680 792 reducto
699 734 737 792 ad
758 736 900 794 mentem
917 737 1080 796 tremendo

130 825 183 887 illo
205 831 356 904 tempore,
378 828 537 906 qnando'
527 849 595 906 lpse
616 831 709 890 oaelis
730 851 765 891 so
785 833 877 892 terris
898 833 1081 894 ardentibus

33 939 103 1038 aeni
128 931 284 986 uenturus
297 926 371 986 est
361 946 396 985 ιιι
413 926 585 1003 nubibus,'
576 949 609 988 ιιι
630 931 784 1006 potestate
800 951 915 1009 magna
929 934 960 991 et
973 933 1080 992 maies-

33 997 109 1103 ⁵52¹,
128 1027 201 1100 tate,
219 1025 258 1085 ad
278 1025 457 1085 iudicandos
476 1026 566 1086 uiuos
584 1030 615 1088 et
634 1031 783 1090 mortuos
828 1030 961 1108 Propter
977 1031 1081 1108 quod,’

36 1115 98 1161 ¹¹²⁰*-
127 1123 241 1203 inquit,
267 1127 405 1202 ‘oportet
426 1143 484 1184 nos
504 1125 710 1186 admonitioni
732 1128 799 1187 eius
820 1129 952 1204 caelesti,
976 1129 1082 1190 debito

33 1185 81 1279 οέι
69 1243 201 1293 rarum
224 1225 338 1285 timore
362 1227 394 1284 et
421 1243 527 1284 amore
554 1227 759 1302 respondem
791 1231 827 1286 ut
827 1229 986 1305 ,quoties
1013 1249 1083 1289 aere

125 1326 286 1383 oommoto
300 1342 431 1383 monum
446 1343 535 1400 quasi
526 1323 587 1382 'ad
607 1324 785 1385 feriendum
803 1327 956 1387 minitans
974 1328 1080 1402 exerit,

127 1442 185 1483 neo
199 1422 309 1484 ¹adhue
330 1425 436 1482 tamen
458 1423 602 1499 percutit,
621 1443 695 1483 mox
715 1424 910 1502 inploremus
933 1427 1000 1486 eius
1024 1427 1082 1487 mi-

124 1520 335 1595 sericordiam,
362 1523 394 1580 et
416 1521 564 1582 discussis
587 1523 822 1599 penetralibus⁴
846 1525 946 1585 oordis
971 1525 1079 1601 nostri,

124 1623 223 1698 atque
244 1621 422 1698 expurgatis
443 1621 594 1680 uitiorum
615 1621 788 1697 ruderibus,
808 1623 942 1695 solliciti,
958 1643 999 1684 ne
1017 1644 1083 1684 um·

124 1737 225 1795 quam
239 1720 359 1795 percuti
370 1739 556 1794 *mereamur
575 1721 725 1796 agamus'

167 1817 327 1880 Conuenit
343 1820 449 1877 autom
471 1817 652 1877 reuelationi
672 1820 704 1876 et
723 1817 867 1878 relationi
881 1819 1009 1896 praefati
1023 1819 1083 1880 ira-
1101 1830 1186 1876 vision
1196 1831 1225 1873 or

123 1917 186 1977 tris
196 1917 236 1976 de
248 1915 334 1976 obitu
345 1916 439 1976 huius
450 1916 600 1976 antistitis
610 1915 706 1975 etiam
720 1936 823 1976 sermo
837 1918 1084 1978 reuerentissimi
1100 1890 1197 1995 ὴωξίζ
1168 1889 1226 1934 “²¹¹

121 2015 228 2092 petris
251 2013 440 2092 Ecgberoti,
459 2014 497 2075 de
521 2034 582 2092 quo
604 2034 697 2092 supra
720 2015 865 2090 diximus,
884 2016 938 2093 qui
963 2017 1083 2077 dudum
1101 2008 1208 2054 ¹¹⁰¹⁸¹¹⁶⁴

123 2133 203 2175 eum
225 2114 335 2174 eodem
350 2114 472 2175 Oeodda
486 2114 691 2188 adulescente,
711 2113 827 2190 etipse
846 2114 1058 2175 adulescens
1048 2136 1083 2175 ιιι

123 2213 287 2274 Hibernia
300 2211 514 2273 monachicam
528 2212 563 2271 in
577 2212 769 2272 orationibus
787 2215 818 2271 et
832 2213 1034 2289 continentia,
1053 2218 1085 2275 et

122 2311 336 2373 meditatione
368 2311 548 2371 diuinarum
576 2311 801 2388 seripturarum
830 2311 930 2372 uitam
958 2312 1085 2372 sedulus

121 2412 251 2490 agebat
296 2411 356 2472 Sed
380 2411 438 2470 illo
465 2410 668 2487 postmodum
694 2410 827 2487 patriam
856 2430 989 2486 reuerso,
1018 2411 1086 2488 ipso

122 2509 315 2589 peregrinus
328 2530 384 2587 pro
394 2509 531 2570 Domino
542 2529 641 2587 usque
651 2509 689 2568 ad
701 2509 799 2568 linem
811 2509 893 2569 uitae
902 2511 1082 2586 permansit

123 2613 212 2672 Cum
236 2629 309 2687 ergo
328 2609 450 2669 ueniret
467 2609 506 2668 ad
526 2628 599 2668 eum
618 2609 713 2685 longo
733 2611 804 2684 post
825 2611 967 2685 tempore
988 2611 1087 2686 gratia

122 2708 324 2770 uisitationis
345 2709 384 2768 de
405 2705 561 2768 Brittania
575 2707 626 2767 uir
639 2706 855 2768 sanctissimus
873 2710 905 2767 et
924 2707 1086 2767 eontinen-

37 2831 63 2874 ιι
77 2819 100 2864 b.
122 2807 284 2882 tissimus,
307 2803 311 2887 Ι
329 2807 479 2866 uocabulo
501 2805 659 2884 Hygbald,
677 2805 732 2881 qui
756 2809 823 2865 erat
842 2805 937 2866 abbas
961 2806 996 2865 in
1019 2826 1086 2883 pro·

122 2906 238 2969 uinoia
252 2904 397 2981 Lindissi,
415 2907 446 2964 et
460 2907 496 2965 ut
510 2907 634 2964 sanctos
647 2902 783 2978 decebat,
802 2904 841 2963 de
861 2903 928 2964 uita
946 2904 1087 2980 priorum

121 3013 261 3086 patrum
282 3023 459 3064 sermonem
473 3003 617 3078 iacerent,
635 3005 730 3079 atque
751 3002 832 3061 hano
852 3002 1003 3061 aemulari
1018 3021 1089 3079 gau·

123 3107 254 3178 dorent,
285 3103 457 3164 interuenit
483 3101 604 3162 mentio
637 3099 883 3162 reuerentissimi
917 3099 1089 3160 antistitis‘

123 3202 265 3278 ceadda,
292 3201 435 3279 dixitque
456 3200 641 3278 Eogberot⁶=
675 3199 762 3260 ‘Soio
785 3198 947 3258 hominem
972 3199 1007 3258 in
1031 3200 1090 3259 hao

123 3302 241 3365 insula
261 3300 362 3360 sdhuo
381 3300 414 3360 in
434 3319 526 3360 earne
542 3301 735 3368 monentem,
751 3297 813 3375 qui,
831 3317 903 3357 cum
918 3297 968 3357 uir
981 3297 1036 3357 ille
1049 3297 1089 3357 do

122 3401 257 3465 mundo
275 3399 429 3474 transiret,
453 3398 535 3458 uidit
556 3397 695 3458 animam
721 3396 817 3457 Ceddi
841 3395 949 3456 fratris
970 3396 1090 3473 ipsius'

123 3521 207 3563 oum
230 3498 357 3576 agmine
378 3497 562 3575 angelorum
586 3495 793 3555 descendere⁸
810 3495 848 3554 de
871 3496 964 3569 oaelo,
987 3497 1018 3554 et
1041 3495 1089 3554 sd·

123 3601 242 3664 sumta
266 3615 371 3657 secum
393 3595 596 3669 animosius,
621 3593 660 3652 ad
686 3592 829 3653 caelestia
850 3612 946 3671 regna
968 3593 1089 3654 redire·

166 3749 174 3779 ¹
194 3747 231 3796 -oi
245 3744 282 3796 u.
358 3743 369 3773 ²
384 3748 470 3793 erret
480 3743 510 3794 G.
588 3743 597 3772 ⁸
614 3744 728 3792 erexerit
739 3743 773 3794 N.
850 3741 859 3770 ⁴
875 3742 1090 3806 penetrabilibus

125 3831 163 3880 C.
172 3826 216 3878 13².
224 3825 269 3875 W.
335 3823 345 3852 ⁵
360 3823 520 3885 ecberht·O;
537 3822 688 3886 egbreotli.
762 3819 773 3850 ⁶
788 3822 823 3870 -ti
835 3819 880 3871 Mt
942 3817 951 3848 '
968 3820 1045 3871 illius
1054 3819 1088 3884 N,

124 3913 184 3960 aad
196 3911 223 3956 ta
236 3905 268 3954 B.
280 3905 330 3966 ips.
342 3906 364 3952 is
374 3907 463 3952 writer
474 3919 504 3951 on
514 3918 548 3951 an
559 3917 661 3952 croam.
734 3897 744 3927 ⁸
760 3900 896 3950 dentium
908 3899 938 3950 G.

586 4005 636 4046 1³2
