2859 4334
43 205 49 214 ⁶
150 239 205 288 co.
218 233 288 298 xu.]
458 224 573 292 (lentis
593 226 798 313 Angloawm.
1034 232 1099 296 227

150 398 336 460 inuenerunt
351 401 410 460 hoc
425 400 588 461 mensura¹
603 402 700 479 palmi
714 402 840 478 longius
850 422 918 462 esse
928 404 1094 481 sarcofago.

151 497 297 558 Dolantes
306 519 378 577 ergo
388 500 524 576 lapidem
532 501 730 577 inquantum
740 501 896 576 ualebant,
909 501 1098 562 addiderunt

149 595 336 674 longitudini
364 599 514 676 sarcofagi
542 600 630 676 quasi
658 601 792 659 duorum
820 619 1000 660 mensuram
1024 600 1099 676 digi-

151 699 261 757 torum.
306 698 367 757 Sed
389 717 446 756 nec
468 697 660 774 sicquidem
677 718 790 774 corpus
811 698 958 776 capiebat.
1004 699 1099 759 Unde

150 794 228 854 lacta
262 795 446 856 difficultate
476 796 664 870 tumulandi,
702 797 880 873 cogitabant
915 800 970 856 aut
1010 796 1098 856 aliud

150 913 292 970 quaerere
314 894 460 970 loculum,
489 897 544 955 aut
563 895 667 972 ipsum
695 915 813 972 corpus,
841 895 869 955 si
896 898 1033 973 possent,
1060 896 1096 956 in

150 992 280 1068 genibus
307 992 495 1054 inflectendo
522 993 672 1068 breuiore,
698 995 797 1054 donec
824 994 893 1070 ipso
921 994 1024 1054 loculo
1053 1014 1098 1054 ca·

37 1145 38 1150 ,
78 1127 96 1158 a
151 1094 280 1168 peretur.
302 1095 306 1168 l
326 1093 386 1152 Sed
408 1093 488 1152 mira
508 1112 559 1152 res
579 1095 611 1152 et
632 1113 697 1152 non
718 1092 780 1152 nisi
801 1093 931 1152 caelitus
951 1092 1039 1168 facta,
1057 1113 1098 1153 ne

152 1191 265 1266 aliquid
289 1191 403 1250 horum
423 1189 493 1250 fieri
517 1191 650 1265 deberet,
676 1191 845 1268 prohibuit.
890 1191 973 1252 Nam
993 1191 1098 1251 subito

150 1289 290 1349 adstante
313 1290 464 1367 episcopo,
490 1292 522 1349 et
543 1290 609 1349 filio
630 1289 712 1366 regis
732 1290 870 1350 eiusdem
895 1310 931 1350 ae
951 1290 1098 1350 monachi

151 1387 307 1465 Sighardo‚
328 1387 382 1464 qui
395 1391 467 1464 post
479 1387 570 1448 illum
584 1407 657 1448 cum
670 1387 765 1448 fratre
780 1387 929 1448 Suefredo
943 1389 1095 1466 regnauit,

151 1488 181 1546 et
203 1487 295 1546 turba
316 1486 483 1546 hominum
505 1507 570 1546 non
594 1487 721 1562 modica,
746 1487 914 1547 inuentum
934 1491 982 1548 est
1003 1507 1099 1548 sarco-

150 1585 256 1662 fagum
291 1585 370 1644 illud
404 1605 558 1662 congruae
593 1585 801 1663 longitudinis
835 1586 874 1644 ad
916 1605 1098 1645 mensuram

151 1683 290 1760 corporis,
307 1685 383 1743 adeo
396 1687 430 1743 ut
445 1704 464 1744 a
481 1687 570 1760 parte
588 1685 698 1760 eapitis
716 1684 813 1743 etiam
827 1684 959 1744 ceruical
972 1680 1100 1760 posset'

151 1781 325 1860 interponi;
350 1802 369 1842 a
396 1785 484 1858 parte
511 1802 585 1842 nero
612 1783 730 1859 pedum
757 1802 903 1842 mensura
927 1782 1002 1842 IIII
1024 1781 1099 1859 digi-

150 1885 252 1942 torum
278 1881 311 1940 in
336 1882 492 1958 sarcofago
520 1901 633 1958 corpus
656 1881 825 1941 excederet.
870 1881 1023 1941 Conditus
1051 1882 1100 1940 est

149 1983 253 2039 autem
269 1979 303 2038 in
317 1979 444 2039 aeclesia
458 1980 541 2039 beati
555 1979 688 2039 doctoris
702 1980 855 2057 gentium,
870 1979 958 2040 cuius
972 1980 1100 2040 edoctus

150 2078 280 2140 monitis
293 2078 437 2164 caelestia
449 2097 571 2156 sperare
586 2079 742 2139 didicerat.

530 2376 622 2437 CAP.
637 2377 714 2438 XII.

150 2529 339 2584 camoenam
346 2527 525 2573 Occidentalium
532 2529 654 2573 Saxonum
661 2541 705 2584 pro
711 2527 829 2573 tesam
836 2528 938 2585 Haeddi,
947 2528 1102 2585 epiwcpatum

187 2606 310 2662 Hrqserut'o
325 2607 426 2653 aoebstoe
438 2619 482 2662 pro
491 2603 500 2631 ³
516 2603 601 2652 Paua*
618 2607 733 2652 Geinum
741 2603 758 2665 ⁵,
771 2609 792 2651 et
803 2620 847 2662 pro
857 2607 906 2663 ipae
924 2602 1059 2662 Gasmaw

247 2687 354 2740 acceperit
362 2701 372 2741 ‚·
389 2687 409 2731 ct
419 2685 461 2741 cut
472 2687 526 2730 tanc
536 2685 885 2742 Nordcntmnbronrmsucrint
895 2686 1002 2742 episcopt.

189 2816 344 2892 Quassus
368 2816 615 2878 occidentalium
637 2815 797 2877 Saxonum
817 2815 948 2876 antistes
969 2816 1101 2876 Leuthe
1117 2832 1257 2889 sinopeos

146 2915 214 2976 rius
224 2916 293 2977 fuit
319 2915 481 2993 Siquidem
495 2915 616 2992 primus
626 2914 764 2989 Birinus,
776 2915 931 2975 secundus
942 2914 1100 2992 Agilberc·
1116 2893 1243 2999 &3:⁸²

146 3013 222 3088 tus⁷‚
235 3014 346 3074 tertius
354 3013 476 3074 exstitit
487 3013 565 3074 Uini
573 3013 591 3073 ⁸.
616 3013 758 3089 Cumque
767 3016 911 3073 mortuus
921 3015 1002 3072 esset
1011 3013 1101 3073 Coin·

145 3112 241 3175 ualch
250 3113 268 3187 ⁹,
286 3133 347 3190 quo
358 3116 508 3189 regnante
521 3112 607 3172 idem
621 3111 809 3172 Leutherius
822 3111 985 3189 episcopus
1000 3112 1101 3172 factus

144 3215 205 3288 est,
230 3213 415 3288 acceperunt
438 3209 596 3288 subreguli
617 3230 749 3286 regnum
773 3211 885 3286 gentis,
908 3213 940 3270 et
961 3209 1100 3270 diuisum

144 3312 234 3372 inter
251 3330 285 3370 se
304 3313 476 3371 tenuerimt
497 3309 590 3370 annis
610 3307 730 3368 circiter
747 3308 799 3382 X;
820 3309 957 3385 ipsisque
970 3328 1100 3385 regnan·

143 3407 236 3470 tibus
248 3407 412 3468 defunctus
425 3411 473 3468 est
487 3407 549 3481 ille,
567 3409 600 3467 et
616 3406 792 3483 episcopatu
807 3407 936 3466 functus
944 3406 1069 3467 Haeddi
1079 3407 1100 3439 ¹⁰

141 3527 204 3587 pro
218 3527 263 3582 eo,
280 3509 478 3568 consecratus
497 3526 516 3567 a
536 3505 698 3566 Theodoro
719 3505 755 3565 in
776 3504 902 3565 ciuitate
921 3505 1096 3566 Lundonia.

177 3668 187 3702 ¹
208 3683 267 3718 ·rao
278 3668 315 3719 M.
323 3668 353 3719 B.
365 3669 410 3730 111.
460 3667 470 3696 ²
486 3671 571 3732 possit
584 3669 613 3719 0.
624 3668 668 3718 Νι.
726 3665 736 3695 ¹
752 3683 802 3731 pro
812 3683 858 3718 oen.
871 3667 907 3718 u.
963 3667 973 3698 ⁶
988 3671 1054 3731 puta
1066 3667 1100 3719 N.

140 3747 151 3778 ¹
169 3747 313 3811 quichelm
326 3747 346 3797 0
356 3763 363 3807 3
380 3745 534 3796 cuichhelm
545 3747 570 3796 N
573 3783 580 3796 .
645 3747 655 3777 ⁸
671 3745 808 3810 gebmund
820 3745 884 3796 RN
894 3762 901 3804 ;
912 3744 1060 3808 gemmnnd
1071 3745 1101 3797 0.

139 3825 150 3854 '
169 3825 315 3875 -berchtus
326 3825 355 3876 G.
462 3823 471 3854 ¹
487 3825 567 3874 uuinl
579 3825 609 3876 0.
705 3824 716 3854 ⁹
734 3823 867 3874 coenualh
879 3825 899 3874 0
910 3840 917 3885 ;
933 3823 1056 3873 coinualc
1067 3823 1102 3876 N.

138 3905 160 3938 ¹⁰
178 3907 320 3971 heddic;
337 3907 443 3959 haedde
454 3908 488 3961 N.

603 4005 653 4060 qa
