2859 4334
150 252 280 318 cnam]
467 241 584 309 Gentis
607 243 813 329 Anptnum.
1034 243 1097 306 221

148 437 216 477 eam
243 418 371 479 nomine
395 420 483 496 quasi
504 421 699 496 praesentem
720 419 891 496 alloquens,
919 416 1067 494 ‘Eadgyd
1077 413 1096 491 ¹,

147 515 287 594 Eadgyd,
299 516 446 595 Eadgyd'
459 539 466 593 ;
480 520 511 578 et
525 519 569 578 sie
583 519 756 578 terminans
767 517 971 594 temporalem
985 515 1094 589 uitam,

147 614 279 675 intrauit
293 619 460 677 aeternam.
504 619 551 678 At
564 619 654 695 uirgo
673 617 736 690 illa,
754 636 849 694 quam
863 617 999 676 moriens
1013 634 1100 675 noea·

146 713 206 788 bat,
224 733 299 774 mox
318 715 353 775 in
374 715 450 790 loeo,
468 736 529 793 quo
548 718 621 790 erat,
640 716 749 776 eadem
765 716 887 775 adtacta
904 713 1095 783 infirmitate,

145 812 222 888 ipso,
248 833 310 890 quo
330 815 485 875 uocitata·
505 817 552 874 est
573 815 684 874 diedo
708 813 766 874 hae
788 813 857 873 luce
877 814 1043 886 subtracta,
1068 813 1100 871 et

146 910 248 986 illum,
267 911 321 989 qui
335 932 369 972 se
382 915 514 988 uocauit,
531 915 570 974 ad
587 933 722 990 regnum
735 913 865 974 eoeleste
880 913 986 972 secuta
999 914 1054 971 est.

186 1011 271 1070 Item
286 1011 436 1089 quaedam
452 1032 490 1072 ex
505 1013 623 1073 eisdem
636 1011 765 1072 ansellis
775 1012 842 1085 Dei,
855 1031 928 1070 cum
941 1009 1097 1086 praeteto⁸

146 1111 228 1170 taeta
248 1110 366 1186 morbo,
382 1114 477 1188 atque
496 1111 535 1171 ad
557 1114 696 1171 extrema
717 1113 800 1170 esset
819 1109 976 1186 perducta,
995 1108 1098 1184 eoepit

147 1208 251 1268 subito
278 1210 358 1270 eirea
382 1211 518 1270 mediam
542 1211 666 1270 noctem
691 1209 824 1268 clamare
848 1207 906 1282 his,
934 1207 1098 1284 quaesibi

71 1345 82 1372 ι
146 1307 375 1384 ministrabant,
394 1313 512 1386 petens,
529 1312 565 1368 ut
586 1309 755 1382 lucernam,
772 1327 851 1384 quae
871 1306 950 1366 inibi
969 1326 1098 1366 accensa

145 1410 217 1482 erat,
235 1408 461 1485 extinguerent.
507 1408 595 1484 Quod
617 1427 690 1466 eum
710 1405 868 1482 frequenti
886 1424 962 1464 uoee
981 1409 1097 1482 repete·

145 1509 201 1580 ret,
219 1526 277 1566 nee
297 1511 404 1568 tamen
425 1509 453 1567 ei
474 1507 587 1584 aliquis
608 1505 844 1582 obtemperaret,
860 1503 900 1564 ad
920 1506 1096 1566 extremum

146 1603 277 1666 intulit:
301 1606 396 1680 ‘Seia
414 1605 496 1684 quod
515 1625 567 1665 me
585 1604 661 1664 haee
674 1605 784 1664 insana
798 1605 904 1662 mente
919 1602 1005 1680 loqui
1019 1603 1097 1663 arbi·

145 1704 294 1780 tramini3
315 1705 369 1765 sed
390 1705 452 1765 iarn
473 1723 558 1763 nune
579 1723 643 1763 non
660 1703 704 1763 ita
721 1723 788 1761 esee
806 1702 1000 1779 cognoscite;
1020 1722 1096 1763 nam

143 1823 217 1864 uere
228 1804 296 1864 dieo
307 1805 405 1878 uobis,
422 1803 512 1881 quia*
528 1803 657 1862 domum
671 1801 849 1862 henetanta
861 1801 930 1861 luee
943 1799 1095 1876 inpletam

143 1923 212 1964 esse
232 1903 390 1982 perspicio,
408 1907 444 1963 ut
465 1906 568 1962 uestra
588 1902 644 1962 illa
661 1901 787 1961 lueerna
806 1899 887 1960 mihi
904 1899 1095 1960 omnimodis

143 2023 210 2063 esse
224 2001 366 2063 uideatur
379 2001 528 2061 obseura'
568 2001 696 2060 Etcum
711 2019 751 2058 ne
764 1999 864 2059 adhue
878 1999 1006 2076 quidem
1019 1999 1095 2059 talia

143 2101 285 2179 loquenti
294 2102 458 2178 quisquam
467 2100 673 2178 responderet,
686 2098 739 2159 uel
748 2098 916 2158 adsensum
925 2098 1090 2174 praeberet,

31 2205 81 2262 27&
92 2221 114 2252 a
143 2200 257 2260 iterum
273 2199 371 2260 dixit:
395 2197 580 2259 ‘Accendite
594 2217 667 2274 ergo
680 2197 840 2256 lucernam
858 2193 862 2275 t
880 2197 977 2271 illam,
989 2216 1094 2273 quam·

143 2298 197 2358 diu
221 2298 319 2358 uultis
330 2320 338 2372 ;
362 2299 501 2358 attamen
522 2295 638 2368 ssiteta,
663 2296 737 2372 quia
757 2315 822 2354 non
841 2298 889 2354 est
904 2315 993 2369 mea,
1018 2315 1093 2356 nam

142 2417 213 2456 mea
226 2397 289 2470 lux,
301 2395 471 2474 incipiente
481 2414 597 2468 aurora,
609 2393 689 2453 mihi
699 2393 873 2454 aduentum
886 2394 954 2454 est'
975 2393 1094 2470 Coepit·

142 2515 203 2572 que
224 2514 357 2569 namara,
376 2493 448 2572 quia
468 2494 644 2570 apparuerit
662 2492 723 2552 sibi
741 2492 871 2568 quidam
890 2492 940 2551 uir
952 2491 1021 2564 Dei,
1039 2491 1092 2568 qui

142 2593 253 2654 eodem
267 2613 352 2654 anno
369 2593 470 2652 iuerat
484 2591 658 2666 defunctus,
676 2591 791 2665 dicens,
809 2590 892 2666 quod
905 2590 1092 2650 adueniente

141 2691 279 2752 diluculo
308 2709 480 2768 perennem
507 2692 589 2750 esset
615 2690 738 2750 exitma
764 2690 802 2749 ad
837 2688 949 2749 luoern.
995 2688 1093 2749 Cuius

142 2791 257 2852 ueritas
278 2790 409 2850 uisionis
429 2791 491 2851 eita
511 2789 590 2850 eirca
610 2791 757 2848 exortum
770 2788 832 2849 diei
850 2787 973 2865 puellae
991 2789 1091 2847 morte

140 2889 270 2966 probata
284 2891 338 2950 est

532 3085 624 3146 cAP.
648 3085 707 3146 IX.

146 3243 209 3298 Quae
220 3240 269 3286 sint
278 3242 367 3286 ostem
378 3239 472 3284 auditae
486 3239 562 3296 εἰφια,
576 3251 630 3282 oum
641 3239 660 3282 et
674 3237 727 3292 apsa
740 3239 813 3281 mater
823 3236 1003 3292 eowepotr'onts
1020 3235 1085 3282 dilus

499 3317 609 3363 amando
620 3317 738 3362 transiret.

181 3435 381 3495 Conantem
403 3436 434 3492 et
455 3431 523 3509 ipsa
542 3434 643 3492 mater
664 3431 714 3508 pia
732 3431 798 3490 Deo
819 3428 948 3489 deuotae
969 3449 1093 3508 congre
1109 3445 1265 3502 staryoftha

134 3533 273 3614 gationis
282 3531 472 3609 Aedilburga
483 3531 493 3563 ³
503 3533 584 3590 esset
598 3530 745 3606 rapienda
759 3528 797 3588 de
811 3527 939 3603 mundo,
950 3529 1093 3604 apparuit
1109 3507 1224 3612 {⁶5}be

135 3632 218 3694 uisio
242 3629 385 3692 miranda
407 3627 531 3690 cuidam
556 3629 594 3689 de
619 3627 784 3703 sororibus,
808 3627 859 3687 cui
882 3645 999 3686 nomen
1023 3629 1090 3687 erat
1109 3625 1250 3682 atham

195 3827 260 3892 -350
272 3827 301 3888 G,
313 3831 387 3878 attat
398 3832 442 3878 tur
453 3831 489 3876 uo
500 3843 569 3876 name
579 3829 632 3886 ortu
642 3843 701 3875 once
863 3825 874 3854 ¹
890 3827 985 3875 uoeats
996 3825 1032 3879 ti.
1044 3826 1091 3892 11,

133 3909 144 3940 ²
161 3913 204 3958 ιιι
217 3908 253 3962 it.
265 3905 303 3960 0¹.
354 3949 359 3960 .
402 3906 411 3936 ‘
428 3905 498 3970 quod
510 3905 539 3958 C.
638 3904 647 3934 ³
663 3901 776 3967 ·bur⁸u'g
787 3903 811 3952 N
822 3920 830 3964 3
846 3905 927 3954 aedil·
937 3904 966 3956 0.
