2859 4334
122 218 241 282 cn.11.]
426 207 541 274 Gentis
562 208 768 294 Auglomum.
1030 207 1069 270 81

122 381 177 452 est,
194 377 324 456 perfecit
338 397 417 456 opus
431 379 484 438 diu
499 379 707 440 desideratum
721 401 728 453 ;
749 379 826 438 alios
844 376 973 455 quidem
986 395 1072 452 prae-

122 478 273 538 dicatores
293 477 430 551 mittens,
455 478 510 537 sed
535 477 601 554 ipse
624 477 886 554 praedicationem
910 479 946 535 ut
968 474 1071 534 fructi·

121 576 235 650 ficaret,
266 576 333 636 suis
359 575 626 636 exhortationibus
660 597 696 637 ac
730 576 873 653 precibus
906 574 1068 634 adiuuans

121 675 209 736 Haec
230 675 317 734 iuxta
337 675 525 750 opinionem,
549 695 645 752 quam
665 676 704 735 ab
725 675 863 752 antiquis
884 673 1069 750 accepimus,

121 773 270 834 historiae
306 777 430 834 nostrae
459 773 680 834 ecclesiasticae
714 775 851 834 inserere
882 774 1072 849 oportunum

122 873 278 934 duximus

512 1039 606 1101 OAP.
636 1039 682 1102 ΙΙ.

124 1192 153 1238 Ut
167 1191 322 1248 nuceum
337 1191 472 1236 Brcltouum
491 1191 602 1247 eplacopos
614 1205 658 1248 pro
670 1203 728 1248 paca
744 1192 861 1250 catholtco,
877 1192 948 1237 ctiam
961 1190 1075 1237 mercado

194 1271 283 1316 mucul
294 1283 372 1316 coram
382 1269 492 1330 desasto,
505 1271 621 1316 monuerit
627 1286 638 1328 ;
654 1283 742 1326 prum
752 1271 802 1316 illos
812 1273 942 1327 macules
952 1271 1009 1316 ullu

539 1351 616 1396 mla
627 1349 666 1396 sil.

164 1464 307 1524 lunarem
317 1451 516 1542 Augustinus
526 1464 678 1525 adiutorio
689 1485 764 1526 usus
773 1464 983 1526 Aedilbercti¹
993 1465 1076 1543 regis
1168 1486 1241 1517 renco

122 1563 308 1624 conuocauIt
320 1563 359 1624 ad
373 1583 467 1624 suum
478 1563 667 1640 colloquium
681 1564 841 1640 episcopos
853 1565 920 1625 siue
935 1565 1076 1624 doctores
1091 1535 1222 1638 {iim}

122 1665 283 1738 proximae
307 1662 496 1722 Brettonum
523 1662 700 1740 prouinciae
728 1663 763 1722 ln
791 1662 865 1737 loco,
896 1663 950 1740 qui
977 1683 1076 1740 usque
1092 1650 1241 1757 35:3³5ss

122 1759 218 1820 hodie
231 1760 340 1838 lingua
353 1759 530 1838 Anglorum
544 1759 775 1838 Augustinaes²
788 1747 844 1836 Ac,
861 1762 894 1822 id
915 1763 963 1822 est
982 1761 1077 1822 robur
1093 1724 1198 1851 singul:⁶

122 1858 305 1936 Augustini,
326 1859 360 1919 in
382 1859 517 1920 confinio
537 1858 760 1920 Huicciorum³
779 1862 811 1920 et
831 1860 1077 1920 occidentalium
1092 1829 1236 1877 ‘mm'

123 1957 287 2018 Saxonum
310 1956 501 2033 appellatur;
532 1957 692 2034 coepitqm
726 1958 772 2018 eis
804 1958 940 2018 fraterna
973 1959 1076 2018 admo·

124 2056 246 2116 uitione
265 2057 399 2131 suadere,
421 2057 458 2117 ut
478 2076 552 2133 pace
574 2056 725 2118 catholica
743 2076 848 2117 secum
869 2057 977 2118 habita
996 2077 1077 2117 com·

121 2173 255 2214 munem
276 2155 511 2232 euangelizandi
531 2155 677 2232 gentibus
697 2175 754 2233 pro
779 2155 916 2216 Domino
940 2155 1076 2216 laborem

122 2253 326 2330 susciperent.
360 2253 432 2313 Non
445 2253 531 2314 enim
545 2255 676 2330 paschae
689 2253 795 2314 diem.⁴
812 2254 1007 2314 dominicum
1020 2274 1077 2314 suo

123 2355 275 2430 tempore,
293 2352 346 2412 sed
367 2352 404 2412 a⁵
419 2351 525 2412 XIIII
546 2372 644 2429 usque
664 2353 704 2414 ad
725 2353 789 2413 XX
809 2353 918 2412 lunam
938 2353 1078 2412 obserua-

123 2451 224 2524 bant;
249 2469 328 2528 quae
350 2451 540 2527 computatio
563 2451 760 2524 LXXXIIII
784 2472 939 2512 annorum
964 2451 1078 2512 circulo

122 2550 313 2610 continetur.
359 2549 420 2610 Sed
442 2552 473 2609 et
492 2550 553 2610 alia
575 2549 711 2626 plurima
727 2550 842 2610 unitati
858 2550 1078 2610 ecclesiasticae

122 2649 280 2710 contraria
319 2648 479 2709 faciebant
538 2649 600 2723 Qui
634 2669 706 2708 cum
741 2648 836 2726 longa
868 2650 1078 2727 disputatione

122 2749 240 2821 habile,
276 2767 376 2824 neque
408 2746 558 2824 precibus,
596 2767 696 2824 neque
731 2747 945 2822 hortamentis,
976 2769 1078 2826 neque

121 2845 389 2924 Increpatiouibus
407 2845 577 2924 Augustini
598 2865 633 2906 ac
653 2846 807 2906 sociorum
827 2848 894 2906 eius
911 2847 1078 2908 adsensum

121 2945 273 3024 praebere
296 2943 479 3018 uoluissent,
505 2945 559 3006 sed
583 2964 654 3006 suas
675 2944 780 3022 potius
803 2946 987 3006 traditiones
1012 2947 1079 3006 uni·

121 3045 235 3118 uersis,
261 3061 339 3120 quae
365 3063 422 3120 per
445 3043 551 3104 orbem
576 3043 636 3104 sibi
663 3043 698 3104 in
726 3044 851 3104 Christo
878 3046 1074 3120 concordant,

121 3143 266 3204 ecclesiis
290 3142 487 3219 praeferrent,
514 3145 639 3202 sanctus
665 3145 754 3219 pater
776 3143 975 3220 Augustinus
994 3143 1079 3206 hunc

121 3240 273 3304 laboriosi
294 3261 329 3300 ac
350 3240 436 3318 longi
458 3240 636 3301 certaminis
658 3241 756 3302 finem
777 3241 860 3316 fecit,
884 3245 920 3302 ut
943 3242 1078 3304 diceret:

35 3373 45 3404 ι
125 3341 355 3402 ‘Obsecremus
382 3340 493 3414 Deum,
521 3339 575 3416 qui
600 3340 741 3400 habitare
765 3340 838 3401 facit
859 3341 1024 3402 unanimes
1044 3341 1079 3401 in

35 3457 38 3468 ’
62 3457 67 3468 ·
121 3441 226 3502 domu
248 3439 352 3500 Patria
372 3439 429 3514 sui,
453 3441 490 3498 ut
511 3439 579 3514 ipse
601 3437 692 3500 nobis
716 3439 874 3500 insinuare
896 3440 1081 3500 caelestibus

121 3539 229 3616 signis
242 3537 396 3614 dignetur,
415 3557 494 3614 quae
508 3539 664 3613 sequenda
678 3537 812 3610 traditio,
830 3538 944 3616 quibus
960 3538 1003 3600 stt
1019 3539 1081 3599 uiis

119 3639 164 3698 ad
188 3637 367 3716 ingressum
392 3635 480 3714 regni
505 3636 591 3696 illius
617 3637 854 3714 properandum.
900 3638 1082 3698 Adducatur

158 3786 403 3838 ¹aodilbcrchtlc.
464 3784 573 3849 ’eg-(l.
627 3786 794 3848 ³unico-(33
810 3788 880 3837 uico·
892 3787 923 3838 B.
982 3788 1082 3842 ‘dom

117 3863 307 3918 dlemllAE'.
360 3863 512 3939 famum.

579 3969 600 4012 (t
