2859 4334
158 287 216 335 cu.
231 282 288 347 nr]
458 274 574 340 Gentis
595 274 801 360 Auplorum.
1041 280 1105 342 297
1206 310 1209 313 ’

156 444 263 505 dilecti
283 448 449 509 sacerdotis
463 448 573 510 Boisili
595 446 681 527 (cum
702 452 783 510 esset
804 452 888 511 idem
910 451 1009 513 Boisil
1023 473 1108 528 prae·

156 544 277 621 positus
296 547 478 607 monasterii
493 548 721 609 Mailrosensis¹
742 549 801 609 sub
817 550 928 609 abbate
947 550 1027 611 Eata
1034 552 1053 626 ¹,
1071 555 1107 613 ut

156 662 250 720 supra
258 645 455 706 narrauimus
470 646 830 723 ,referenseiuisionem,
842 649 989 725 quaesibi
998 651 1105 710 eadem

157 745 248 803 nocte
258 744 451 820 apparuisset
462 766 475 805 τ.
494 746 591 807 ‘Cum
605 746 758 823 expletis,’
768 746 942 824 inquiens³,
959 747 1108 825 ‘hymnis

156 842 418 902 matutinalibus⁴
438 843 472 903 in
492 843 607 905 lectulo
623 845 766 905 membro
780 846 960 921 posuissem,
975 866 1010 907 oc
1028 848 1108 908 leuis

156 940 237 1001 mihi
257 961 388 1001 somnus
407 942 600 1019 obrepsisset,
624 944 767 1020 apparuit
785 945 933 1022 magister
948 946 1106 1023 quondam

156 1058 256 1113 meus,
274 1042 306 1099 ct
319 1041 455 1100 nutritor
467 1042 703 1103 amantissimus
718 1043 825 1120 Boisil,
842 1044 1107 1121 interrogauitque

155 1157 215 1213 me,
227 1158 268 1199 an
283 1158 356 1199 eum
371 1159 552 1217 cognoscere
565 1160 697 1221 possem.
737 1142 817 1203 Aio:
843 1144 863 1172 ‘⁴
873 1142 979 1203 Etiam
994 1165 1002 1217 ;
1023 1145 1058 1203 tu
1073 1163 1106 1203 es

154 1236 240 1295 enim
262 1237 392 1299 Boisil.''
434 1240 479 1299 At
493 1239 568 1299 ille:
597 1239 678 1300 “Ad
693 1240 781 1315 hoc,”
796 1240 908 1317 inquit,
930 1241 1042 1317 “ueni,
1071 1247 1108 1301 ut

155 1354 339 1412 responsum
372 1336 501 1397 Domini
528 1337 698 1399 saluatoris
732 1340 921 1416 Ecgbercto⁵
956 1339 1105 1415 adferam,

155 1434 238 1512 quod
253 1438 285 1495 te
299 1438 404 1495 tamen
418 1436 571 1497 referente
588 1441 710 1515 oportet
724 1439 763 1498 ad
778 1438 871 1498 illum
884 1439 1001 1499 uenire
1047 1439 1106 1498 Dic

154 1554 228 1611 orgo
242 1534 299 1609 illi,
317 1534 389 1612 quia
408 1555 472 1595 non
493 1535 578 1597 ualet
595 1537 663 1611 iter,
681 1538 763 1614 quod
780 1538 949 1615 proposuit,
967 1538 1106 1615 inplere;

155 1628 214 1688 Dei
235 1630 320 1688 enim
342 1630 515 1690 uoluntatis
537 1634 593 1700 est,
615 1636 651 1692 ut
671 1632 709 1692 od
731 1631 901 1692 Columbae
920 1632 1107 1692 monasteria

154 1726 256 1805 magis
267 1727 404 1787 docenda
415 1730 521 1805 pergat
529 1730 588 1789 '.’''
617 1730 694 1789 Erat
704 1734 810 1789 autem
821 1729 975 1790 Columba
985 1730 1107 1807 primus

154 1825 263 1885 doctor
277 1826 349 1886 fidei
364 1825 556 1887 Christianae
568 1828 817 1889 transmontanis
828 1829 926 1889 Pictis
938 1829 976 1888 sd
992 1829 1107 1904 aquilo

154 1946 237 2001 nem,
263 1924 446 2002 primusque
469 1925 617 1986 fundator
643 1928 832 2002 monasterii,
858 1928 942 2006 quod
966 1927 1000 1985 ln
1029 1926 1105 1986 Hii⁷

153 2024 257 2085 insula
289 2025 400 2085 multis
432 2024 487 2084 diu
518 2023 694 2085 Scottorum
738 2026 959 2102 Pictorumque
985 2025 1110 2102 populis

153 2123 332 2185 uenerabile
361 2124 487 2184 mansit.
533 2122 593 2198 Qui
621 2123 767 2184 uidelicet
796 2125 950 2185 Columbo
977 2143 1062 2183 nunc
1090 2144 1108 2183 a

153 2222 318 2283 nonnullis
332 2223 491 2299 conposito
505 2243 524 2282 a
538 2223 615 2283 cella
629 2227 661 2284 et
675 2223 829 2284 Columba
841 2223 970 2283 nomine
985 2223 1107 2283 Colum·

153 2320 248 2379 celli⁸
272 2324 407 2381 uocatur.
452 2322 595 2383 Audiens
619 2324 725 2383 autem
753 2322 850 2381 uerba
876 2321 1006 2380 uisionis
1027 2322 1106 2399 Ecg·

153 2416 240 2479 beret
249 2420 267 2494 ⁹,
285 2420 440 2497 praecepit
454 2420 550 2495 fratri,
569 2420 622 2499 qui
640 2420 796 2493 retulerat,
814 2439 855 2479 ne
871 2418 1017 2495 cuiquam
1031 2420 1106 2479 haec

152 2517 244 2576 alteri
272 2518 409 2595 referret,
437 2538 477 2579 ne
505 2519 585 2579 forte
611 2518 762 2578 inlusoria
790 2521 872 2578 esset
900 2517 989 2577 uisic.
1033 2518 1107 2594 Ipse

152 2619 259 2676 autom
278 2618 392 2678 tacitus
406 2638 474 2677 rem
493 2618 699 2692 considerans,
717 2616 855 2677 ueram¹⁰
873 2636 941 2677 esse
956 2617 1106 2689 timebat3

152 2735 209 2775 nec
220 2719 326 2776 tamen
335 2737 353 2777 a
363 2719 571 2794 praeparando
581 2718 702 2793 itinere,
715 2717 825 2795 quoad
836 2719 946 2794 gentes
952 2716 1107 2777 docendas

151 2814 220 2887 iret,
238 2834 356 2875 cessare
371 2816 504 2877 uolebat.

29 2946 35 2973 ι
95 2967 102 2977 ,
193 2917 239 2975 At
253 2918 324 2991 post
335 2915 401 2975 dies
414 2934 527 2992 paucos
545 2912 550 2995 Ι
569 2935 694 2976 rursum
708 2914 798 2975 uenit
811 2913 935 2973 adeum
950 2912 1105 2989 praelatus

151 3013 256 3088 frater,
288 3013 402 3087 dicens,
434 3013 508 3089 quia
535 3018 567 3074 et
595 3034 631 3075 ea
662 3017 753 3073 nocte
777 3013 838 3073 sibi
866 3015 937 3089 post
965 3012 1105 3087 expletos

150 3114 326 3174 matutinos
336 3113 435 3175 Boisil
445 3134 501 3191 per
515 3114 620 3173 uisum
632 3115 818 3191 apparuerit,
835 3113 960 3173 dicens:
986 3111 1105 3186 ‘Quare

149 3216 217 3272 tam
232 3212 434 3291 neglegenter
447 3231 481 3271 ac
496 3212 600 3290 tepide
614 3211 723 3272 dixisti
735 3212 903 3289 Ecgbercto
912 3212 931 3285 ⁹,
948 3229 1028 3286 quae
1047 3208 1106 3269 tibi

150 3311 281 3371 dicenda
305 3312 471 3389 praecepi?
505 3313 550 3372 At
573 3331 658 3371 nunc
683 3310 763 3371 uude
787 3313 819 3369 et
840 3309 890 3369 dic
911 3308 968 3384 illi,
993 3305 1102 3385 quie¹¹,

152 3410 232 3469 uelit
261 3411 348 3487 nolit,
381 3411 474 3471 debet
501 3410 540 3471 od
569 3409 759 3471 monasteria
787 3407 957 3469 Columbae
986 3406 1101 3479 uenire,

151 3509 226 3587 quia
241 3512 342 3571 aratra
360 3530 469 3571 eorum
486 3530 550 3571 non
570 3513 652 3570 recte
668 3509 837 3582 incedunt;
857 3508 979 3583 oportet
997 3508 1104 3564 autem

186 3694 193 3723 ¹
210 3694 344 3743 ·roncnsis
355 3694 383 3743 O.
456 3690 466 3721 ¹
482 3696 551 3742 eata
563 3692 595 3743 N.
663 3691 673 3721 ⁸
690 3693 783 3753 inquit
794 3691 826 3740 N.
893 3689 1105 3739 ‘motunslibus

151 3773 186 3823 ll.
255 3773 264 3801 ¹
281 3772 437 3822 -berchtott
515 3768 525 3797 ⁸
541 3786 595 3833 per.
610 3770 666 3819 doc.
679 3770 714 3819 M.
791 3767 800 3796 '
817 3770 913 3818 bitom.
928 3768 1074 3832 M.1{,.rro
1085 3783 1104 3816 n

151 3854 178 3911 cl
186 3850 278 3901 insula
288 3854 355 3911 botua
365 3856 456 3900 wilton
466 3866 497 3899 oo
507 3864 541 3898 au
551 3864 646 3899 norun
658 3854 685 3897 ἐπ
696 3846 731 3897 bl.
777 3846 787 3873 ⁸
804 3848 839 3895 -le
851 3847 883 3895 N.
931 3846 941 3875 ⁹
957 3846 1063 3895 barhto
1075 3846 1104 3895 0.

152 3930 170 3959 ¹·
188 3944 312 3980 coracem
321 3930 349 3981 0.
362 3930 393 3980 N.
406 3930 449 3994 W,
460 3934 562 3992 medice
574 3932 601 3975 in
613 3928 643 3976 B.
723 3925 740 3955 ¹¹
757 3928 876 3989 quiam.
888 3926 917 3975 G.
