2859 4334
325 268 392 332 414
638 266 795 353 Epistola
813 266 900 332 Bede
921 264 969 331 ed

324 442 423 503 nichil
446 461 573 520 prorsus
590 443 783 504 monasticae
803 440 1047 503 conuersationis
1067 440 1234 515 habentia3
1257 458 1275 499 e

325 539 439 618 quibus
453 541 551 600 uelim
565 540 669 618 aliqua
686 542 726 603 de
744 541 868 602 luxuria
884 540 923 601 ad
938 539 1122 613 castitatem,
1137 538 1178 599 de
1190 536 1274 599 uani·

324 640 390 699 tete
410 639 448 700 ad
469 640 633 699 ueritatem
642 638 661 716 ¹,
679 640 718 701 de
735 638 978 716 intemperantia
995 638 1117 697 uentris
1133 640 1166 699 et
1186 636 1276 714 gulae

324 736 363 797 ad
375 736 601 798 continentiam
612 740 644 798 et
657 738 807 815 pietatem
818 737 920 799 cordis
933 736 1081 814 synodica
1093 736 1276 796 auctoritate

325 832 559 910 transferantur,
586 838 680 915 atque
702 836 737 895 ιιι
761 835 951 897 adiutorium
975 834 1059 895 sedis
1082 832 1273 913 episcopalis,

326 952 405 1011 quae
419 953 519 1011 nuper
533 934 669 995 ordinari
683 934 802 1010 debeat,
818 937 1025 995 assumantur.

153 1050 286 1093 onusto
370 1050 415 1092 11.
440 1032 483 1093 Et
497 1052 571 1111 qma
579 1032 760 1095 huiusmodr
774 1052 912 1094 maxuna
922 1036 954 1093 et
964 1030 1101 1110 plurima
1113 1033 1190 1091 sunt
1198 1030 1274 1103 loca,

152 1106 298 1211 ssfflm
324 1150 412 1207 quae,
432 1151 454 1190 u
455 1127 579 1209 tuulgo
594 1131 655 1193 dici
670 1133 758 1207 solet,
775 1151 878 1209 neque
894 1132 962 1192 Deo
975 1150 1078 1208 neque
1095 1129 1278 1191 homimtus

151 1226 261 1329 Ἕω
324 1228 414 1289 utilis
437 1232 520 1305 sunt
545 1230 618 1307 quia
639 1230 787 1291 uidelicet
805 1250 908 1308 neque
929 1228 1080 1308 regularis
1102 1228 1276 1289 secundnm

152 1344 266 1393 ramses.
324 1328 429 1389 Deum
455 1327 572 1389 ibidem
598 1330 665 1390 uite
689 1332 841 1404 seruatur,
867 1347 969 1406 neque
990 1328 1047 1388 illa
1069 1327 1189 1388 milites
1209 1326 1278 1388 sine

324 1426 455 1487 comites
477 1427 665 1490 secularium
689 1431 889 1509 potestatum,
910 1425 965 1504 qui
987 1429 1115 1505 gentem
1136 1428 1276 1485 nostram

324 1544 343 1585 a
356 1525 494 1587 barbaris
508 1526 677 1589 defendant
677 1574 685 1603 ,
663 1526 880 1605 tpoeeident;
901 1526 1010 1604 siquis
1022 1526 1057 1586 in
1068 1523 1211 1585 eisdem
1200 1524 1277 1601 ipsis

325 1622 402 1683 locis
415 1644 472 1703 pro
486 1625 671 1687 necessitate
684 1628 864 1703 temporum
880 1625 986 1685 sedem
1000 1624 1195 1703 episcopatus
1208 1643 1275 1683 con·

324 1722 435 1783 stitust
446 1722 464 1799 ¹,
492 1744 557 1785 ιιοιι
584 1724 710 1803 culpam
729 1723 1006 1802 'praeuaricationis
1028 1724 1196 1795 incurrere,
1222 1722 1274 1781 sed

325 1841 404 1900 opus
414 1823 542 1883 uirtutis
552 1824 653 1903 magis
663 1842 754 1902 agere
763 1822 952 1901 probabitur.
984 1822 1148 1897 Quomodo
1166 1819 1171 1901 Ι
1189 1821 1274 1881 enim
1288 1834 1368 1894 tear

324 1920 358 1980 in
369 1924 530 1998 peccatum
541 1922 677 1999 reputari
688 1925 798 2000 potest,
812 1920 968 1982 siiniusta
975 1922 1154 1998 principum
1163 1919 1275 1981 indicia

324 2024 408 2081 recto
435 2020 602 2081 meliorum
625 2021 806 2099 principum
830 2024 973 2081 examine
996 2022 1213 2099 corrigantur;
1240 2037 1275 2078 ac

325 2119 460 2180 mendax
480 2119 573 2179 stilus
592 2119 796 2181 scribarum
785 2120 967 2197 rniquorum
989 2119 1121 2179 discreta
1141 2119 1276 2195 pruden·
1290 2122 1378 2169 error.

325 2218 407 2279 tium
433 2218 626 2279 secerdotum
649 2218 784 2281 sentent
775 2240 805 2280 ιι
761 2219 976 2295 t‚deleatur
1000 2239 1037 2278 sc
1061 2218 1220 2295 redigatur
1242 2216 1277 2277 in
1292 2183 1372 2228 'm

326 2316 489 2391 nichilum,
525 2317 614 2378 iuxta
649 2318 828 2396 exemplum
862 2338 966 2378 escrae
1005 2316 1170 2395 hystoriae,
1200 2336 1277 2393 quae

326 2418 469 2493 tempora
489 2435 598 2492 regum
620 2416 700 2477 Iuda
721 2436 741 2476 a
760 2416 864 2477 Dauid
883 2420 916 2477 et
936 2416 1103 2476 Salomone
1120 2434 1220 2493 usque
1238 2414 1277 2475 sd

325 2514 478 2574 ultimum
506 2514 690 2575 Sedechiam
724 2515 909 2589 describens,
941 2514 1113 2575 nonnullos
1151 2514 1279 2591 quidem

326 2613 361 2673 in
375 2613 420 2673 eis
434 2613 603 2690 religiosos,
618 2614 675 2707 sed
694 2613 800 2691 plures
813 2614 958 2691 reprobos
973 2613 1112 2674 extitisse
1125 2613 1274 2690 designat,

326 2712 510 2790 uicibueque
535 2712 767 2773 alternantibus
790 2732 876 2773 nuuc
899 2712 1014 2790 impios
1034 2711 1199 2785 bonorum,
1223 2710 1278 2788 qui

326 2813 400 2872 ante
416 2830 450 2871 se
467 2812 600 2888 fuerant,
618 2811 699 2873 fecta
718 2813 888 2891 reprobare,
905 2831 990 2872 nunc
1008 2832 1026 2871 e
1041 2810 1167 2872 oontrr’
1179 2812 1278 2870 iustos

326 2910 504 2988 impiorum,
528 2910 582 2989 qui
610 2930 644 2971 se
667 2914 908 2989 praecesserant,
930 2915 1018 2989 gesta
1042 2910 1160 2985 nocius,
1187 2912 1278 2987 prout

326 3008 479 3087 dignum*
500 3012 573 3080 eret,
601 3009 732 3070 iuuante
754 3030 788 3070 se
812 3010 872 3071 Dei
891 3010 1014 3088 spiritu,
1037 3029 1094 3087 per
1111 3009 1279 3087 prophetes

326 3110 451 3169 sanctos
470 3128 506 3169 ac
524 3109 699 3170 sacerdotes
717 3110 805 3170 omni
819 3109 971 3170 instantia
983 3108 1172 3183 correxisse3
1192 3108 1278 3168 iuxta

326 3206 1103 3288 illudbestiIssysepraecipientisatquedicentis:
1121 3207 1277 3267 ‘Dissolue
1292 3216 1406 3262 laren

326 3305 549 3383 obligationem
570 3306 782 3368 uiolentamm
803 3308 1094 3368 commutationum.
1146 3307 1279 3367 Dimitte
1413 3333 1414 3340 ι

326 3403 528 3464 confractos
518 3424 553 3464 m
572 3404 797 3480 remissionem,
821 3408 854 3466 et
871 3425 1000 3467 omnem
1017 3406 1279 3483 conscriptionem

326 3502 470 3579 iniquam
497 3502 680 3579 disrumpe!
744 3504 812 3579 Quo
846 3503 998 3581 exemplo,
1034 3507 1124 3564 tuam
1154 3524 1278 3583 quoque

327 3596 525 3657 sanctitstem
549 3596 638 3658 decet
662 3616 734 3657 cum
758 3596 903 3675 religioso
927 3618 1000 3675 rege
1026 3601 1153 3658 nostrae
1174 3597 1277 3675 gentis

327 3694 498 3772 irreligiose
518 3698 550 3755 et
570 3696 678 3773 iniqua
697 3696 838 3773 priorum
858 3698 946 3774 gesta
963 3699 1057 3773 etque
1077 3697 1193 3775 scripta
1210 3716 1278 3757 con·

359 3856 596 3923 ιιιιιιιριιιιιιιιιιιιιι
608 3860 643 3910 ll.
752 3858 865 3911 'tuere
874 3860 911 3912 Η.
1039 3860 1275 3914 'econtrariolt

328 3936 456 3986 ‘iustum
469 3936 505 3988 u.
625 3938 790 4003 'oedip-ll.
883 3961 886 3967 ’
