2859 4334
305 195 307 202 ,
363 222 406 286 82
637 210 796 279 Historia
817 202 1050 273 Ecclesiastico
1197 200 1284 266 [Lau.

192 414 332 470 sugnens
363 397 477 474 aliquis
496 414 576 472 eger,
594 396 625 454 et
645 412 700 470 per
720 391 810 451 ouius
828 405 933 466 preces
952 381 1048 444 fuerit
1068 377 1200 447 sumtus,
1212 366 1286 429 hullt

192 473 263 579 iffi
272 487 346 578 ξω
364 497 442 556 fides
458 498 490 554 et
509 493 644 571 operatio
663 492 730 552 Deo
749 491 862 550 deuota
879 488 973 562 atque
993 477 1141 541 omnibus
1157 463 1288 548 sequentis

364 594 526 656 credatur!
548 593 635 668 Quod
645 610 718 651 oum
726 585 902 660 aduersarii,
910 580 1005 642 inuiti
1012 564 1284 649 licetoonoedasnt

363 694 486 754 adlatus
499 695 546 752 est
561 691 688 768 quidam
702 689 742 748 de
755 705 867 765 genere
876 681 1062 758 Anglorum‚
1074 671 1230 734 oculorum
1237 663 1289 723 lust

364 791 504 869 priuatus
517 813 525 866 ;
546 788 601 866 qui
615 809 686 849 eum
701 787 824 847 oblatus
838 784 1028 844 Brettonum
1041 768 1245 835 sacerdotibus
1254 757 1289 822 nil

365 890 533 951 curationis
553 888 603 948 uel
623 884 794 947 sanationis
812 884 927 943 horum
940 871 1115 938 ministerio
1134 860 1289 947 percipeltl»

365 989 494 1049 tandem
508 986 714 1064 Augustinus,
730 983 813 1044 iusta
825 979 1009 1041 necessitate
1023 969 1201 1048 conpulsus,
1216 958 1291 1024 flectit

365 1107 469 1165 genua
497 1105 554 1146 sua
580 1085 619 1144 ad
647 1085 774 1144 Patrem
799 1077 928 1140 Domini
955 1073 1056 1136 nostri
1084 1071 1159 1131 Iesu
1188 1056 1289 1129 Christi
1304 1049 1365 1160 ἓξὲξ

365 1187 540 1262 deprecans,
558 1187 594 1244 ut
608 1183 713 1243 uisum
727 1201 823 1254 oaeoo,
847 1196 941 1254 quem
956 1172 1109 1244 amiserat,
1127 1158 1291 1228 metueret
1320 1240 1322 1243 Ι

366 1287 398 1344 et
418 1305 474 1360 per
493 1281 768 1342 inluminationem
789 1278 883 1337 unius
903 1271 1043 1336 hominis
1063 1257 1293 1344 oorporalemin

365 1382 573 1460 plurimorum
601 1381 691 1440 eorde
719 1378 861 1438 fidelium
888 1370 1037 1450 spiritalis
1070 1366 1205 1445 gratiam
1237 1355 1295 1418 lueis

368 1481 555 1541 accenderet
601 1479 665 1538 Nee
686 1497 782 1550 more,
806 1472 1016 1534 inluminatur
1036 1483 1153 1539 osseus,
1170 1481 1205 1523 ao
1224 1472 1297 1520 uerus

366 1578 609 1640 summaeluois
635 1596 744 1654 preeoo
766 1575 805 1634 ab
826 1570 973 1633 omnibus
995 1565 1192 1645 praedicatur
1212 1561 1298 1633 Augu·

367 1678 476 1738 stinus
507 1678 589 1736 Tum
605 1677 773 1736 Brettones
787 1671 977 1733 confitentur
987 1665 1116 1743 quidem
1127 1657 1298 1722 intellexisse

367 1797 400 1837 se
422 1795 529 1836 ueram
550 1795 617 1836 esse
636 1775 721 1835 uiam
739 1771 884 1843 iustitiae,
902 1785 996 1845 quam
1010 1762 1200 1842 praedicaret
1212 1761 1298 1832 Augu

367 1876 491 1949 stinus;
512 1875 566 1935 sed
585 1894 649 1933 non
666 1893 699 1933 se
711 1874 719 1906 ¹
733 1891 824 1949 posse
842 1869 958 1945 absqse
972 1882 1100 1925 suorum
1115 1876 1264 1920 consensu
1274 1869 1299 1912 ec

368 1973 493 2034 lieentia
512 1973 622 2050 priscis
641 1971 784 2031 abdicare
804 1967 952 2028 moribus
973 1963 978 2038 Ι
998 1962 1093 2024 Unde
1108 1955 1297 2036 postulabant
1310 1935 1361 1985 Μὴ

368 2075 404 2132 ut
418 2071 554 2132 seeundo
568 2071 706 2148 synodus
720 2067 863 2145 pluribus
875 2061 1116 2124 aduenientibus
1129 2058 1223 2118 fieret

411 2171 500 2244 Quod
522 2189 595 2229 oum
616 2171 697 2228 esset
717 2168 879 2236 statutum,
897 2162 1061 2234 uenerunt,
1085 2160 1123 2217 ut
1142 2150 1299 2233 perhibent

230 2202 276 2233 0οΠ

216 2262 248 2292 ⁰¹²
347 2269 436 2329 'VII
471 2269 659 2328 Brettonum
687 2263 823 2342 episoopi
854 2264 887 2322 et
913 2260 1020 2337 plures
1045 2256 1110 2317 niri
1137 2245 1301 2318 doctisimi

369 2368 505 2428 maxime
526 2368 565 2427 do
585 2364 782 2426 nobilissimo
803 2380 911 2422 eorum
935 2355 1135 2431 monastario,
1160 2351 1238 2431 quod
1258 2367 1303 2408 uo

369 2468 456 2526 eatur
477 2465 585 2542 lingue
606 2463 785 2540 Anglorum
808 2453 1080 2533 Banoorneburg¹,
1108 2455 1161 2515 cui
1182 2456 1304 2526 tompore

370 2565 425 2624 illo
439 2563 556 2624 Dinoot
569 2563 664 2646 ebbas
677 2558 847 2637 praefuisse
861 2561 1012 2631 narratur,
1026 2554 1082 2632 qui
1094 2554 1135 2613 ad
1149 2550 1305 2630 praefatum

370 2663 466 2722 ituri³
488 2661 655 2721 concilium
678 2660 834 2718 uenerunt
853 2657 957 2733 primo
978 2654 1017 2714 sd
1038 2653 1197 2731 quendam
1216 2647 1306 2708 uirum

371 2763 515 2820 sanetum
532 2779 568 2819 ao
587 2759 782 2835 prudentem,
807 2755 862 2832 qui
882 2755 1052 2831 apud⁴eos
1075 2747 1306 2811 anachoretam

371 2860 481 2919 duoers
492 2858 593 2918 uitam
603 2857 730 2930 solebat,
741 2854 948 2928 consulentes,
959 2872 1001 2912 an
1010 2851 1050 2911 ad
1063 2848 1306 2927 praedieationem

371 2957 542 3034 Augustini
566 2975 638 3016 suas
659 2955 799 3014 deserere
825 2952 1012 3013 traditiones
1038 2949 1191 3009 deberent
1200 2949 1218 3007 ⁵.
1258 2941 1308 3017 Qui

371 3055 598 3132 respondebat:
638 3055 690 3114 ‘Si
714 3055 810 3116 homo
838 3052 898 3113 Dei
930 3054 986 3124 est,
1016 3048 1189 3126 sequimini
1215 3039 1308 3106 illum-¹

372 3155 547 3214 Dixerunt:
572 3153 631 3212 ‘Et
645 3151 729 3211 unde
739 3153 797 3210 hoo
812 3169 979 3227 possumus
991 3149 1169 3226 probaret'
1193 3149 1237 3207 At
1248 3142 1310 3203 ille:
1375 3152 1376 3187 l

375 3251 567 3325 ‘Dominus’
581 3249 692 3326 inquit,
715 3250 798 3310 ‘aitz
827 3247 971 3308 “uolua
983 3247 1095 3325 iugum
1109 3200 1377 3319 112sumssper¹¹¹nl

374 3369 438 3424 uos,
457 3353 488 3408 et
503 3349 641 3409 disoitea
658 3368 716 3420 me,
732 3348 806 3425 quia
819 3347 995 3408 mitissum
1012 3349 1046 3406 et
1059 3345 1195 3406 humilis
1206 3338 1309 3403 eorde.”
1320 3306 1342 3348 ξ

373 3448 408 3508 si
432 3467 504 3523 ergo
531 3446 729 3524 Augustinus
755 3445 810 3505 ille
834 3445 922 3506 mitis
945 3447 994 3505 est
1015 3445 1050 3503 et
1070 3443 1205 3504 humilis
1224 3438 1309 3508 eorde,
1375 3450 1376 3455 ’

374 3545 519 3606 credibile
541 3548 596 3619 est,
621 3545 694 3621 quia
720 3545 830 3622 iugum
857 3543 979 3604 Christi
1005 3545 1038 3604 et
1064 3541 1134 3620 ipse
1160 3538 1312 3620 portetsl
1375 3566 1376 3631 }

407 3707 570 3758 ¹seom.ll¹.
668 3706 1126 3770 'bon-0¹301bonorebyrigLS.
1219 3703 1309 3751 ’inan

373 3787 410 3842 Μ.
423 3785 470 3850 H1¹
482 3791 597 3834 utens
609 3786 678 3834 illud
689 3800 762 3836 oeno.
772 3787 924 3836 uenientes.
936 3784 991 3847 111².
1189 3777 1310 3846 npetu.

372 3866 382 3896 ³
399 3865 554 3914 debuissent
565 3863 609 3915 Μ’.
