2859 4334
362 231 425 296 152
628 229 787 295 Historia
809 227 1040 294 seleuciae
1182 234 1297 299 [naua

360 405 517 482 suspendi.
562 405 630 480 Quo
650 407 722 482 post
740 423 860 464 annum
879 399 1064 462 deueniens¹
1086 417 1160 459 cum
1176 392 1299 456 exercitu

361 523 516 564 successor
529 504 620 581 regni
633 505 702 564 eius
719 503 816 564 Osuiu
831 501 961 562 abstulit
974 521 1017 573 ea,
1034 503 1067 559 et
1078 501 1172 575 eaput
1185 493 1298 573 quidem

361 601 396 662 in
417 602 578 680 cymiterio
599 600 884 662 Lindisfarnensis²
904 599 1056 672 ecclesiae,
1077 597 1112 656 in
1135 595 1218 672 regia
1236 610 1300 652 uera

363 702 488 762 ciuitate
501 721 614 761 manus
627 721 698 762 cum
713 701 849 761 brachiis
861 699 1008 760 condidit

733 953 825 1014 CAP.
849 953 944 1014 XIIL

434 1125 462 1170 Ut
473 1125 501 1168 ia
513 1123 629 1169 Hibernia
642 1125 672 1168 sit
683 1125 782 1178 quidam
789 1137 832 1179 per
842 1125 955 1179 reliquias
965 1123 1016 1168 aas
1032 1137 1048 1167 a
1059 1123 1143 1167 mortis
1152 1121 1247 1166 urticab

776 1206 905 1249 reuocatas.

406 1353 473 1414 Nnc
487 1354 590 1414 solum
600 1353 710 1431 inclyti
724 1354 806 1413 fama
820 1353 880 1413 uiri
890 1353 1065 1412 Brittaniae
1077 1353 1159 1412 fines
1172 1347 1303 1410 lustrauit

364 1453 536 1526 uniuersos,
551 1453 604 1512 sed
616 1453 710 1513 etiam
720 1456 807 1512 trans
817 1472 966 1512 oceanum
978 1452 1070 1530 longe
1080 1451 1200 1511 radios³
1213 1446 1305 1508 saluti·

365 1552 446 1610 ferae
475 1551 554 1610 lucis
582 1571 737 1628 spargens,
766 1551 950 1610 Germaniae
973 1550 1124 1610 simulet
1148 1547 1304 1608 Hiberniae

365 1653 468 1726 partes
481 1649 592 1727 attigit.
638 1650 781 1726 Denique
799 1649 1069 1709 reuerentissimus
1086 1648 1217 1708 antistes
1233 1647 1304 1706 aea

366 1749 444 1808 solet
469 1748 589 1822 referre,
617 1747 697 1824 quia,
726 1768 798 1808 cum
825 1748 959 1808 Romam
981 1748 1108 1821 uadens,
1131 1747 1213 1824 apud
1232 1762 1305 1803 sanc·

365 1848 525 1906 tissimum
541 1848 712 1907 Fresonum
722 1846 826 1924 gentis
838 1847 1104 1924 archiepiscopum
1116 1844 1304 1906 Uilbrordum

367 1965 440 2006 cum
467 1966 523 2005 suo
551 1946 692 2006 antistite
721 1945 859 2006 Uilirido
893 1949 1074 2020 moraretur,
1106 1945 1213 2005 crebro
1241 1960 1304 2000 eum

367 2045 498 2106 audierit
517 2045 555 2104 de
573 2044 733 2118 mirandis,
755 2064 833 2121 quae
852 2045 890 2104 ad
912 2045 1058 2121 reliquias
1079 2044 1216 2104 eiusdem
1233 2058 1303 2100 reue
1390 2104 1391 2107 Ἴ

367 2143 537 2202 rentissimi
552 2144 633 2220 regis
647 2143 680 2202 in
698 2143 754 2203 illa
769 2143 930 2221 prouincia
943 2146 1029 2220 gesta
1043 2143 1170 2216 fuerint,
1184 2158 1300 2200 narrare
1390 2126 1391 2133 ἵ

368 2243 429 2302 Sed
447 2246 478 2302 et
497 2243 549 2301 in‘
569 2242 723 2302 Hibernia
740 2263 811 2302 cum
830 2243 993 2320 presbyter
1005 2243 1108 2302 adhuc
1125 2239 1303 2318 peregrinam

367 2361 423 2418 pro
439 2345 563 2401 aeterna
582 2342 681 2418 patria
702 2342 826 2402 duceret
845 2342 951 2417 uitam,
969 2360 1128 2400 rumorem
1148 2337 1304 2400 sanctitatis

368 2440 455 2499 illius
475 2440 507 2498 in
529 2460 565 2499 ea
586 2459 708 2516 quoque
729 2440 833 2500 insula
852 2441 946 2518 longe
967 2440 1091 2516 lateque
1116 2439 1180 2498 iam
1202 2455 1304 2514 perere

368 2538 488 2598 bruisse
502 2538 637 2613 ferebat3
659 2539 800 2615 equibus
809 2559 916 2615 unum,
930 2539 1012 2616 quod
1025 2539 1110 2599 inter
1120 2539 1180 2598 alia
1189 2534 1300 2606 rettulit.

368 2636 555 2697 miraculum
590 2637 745 2714 praesenti
780 2640 905 2697 nostrae
938 2637 1085 2698 historiae
1120 2635 1302 2697 inserendum

368 2735 562 2795 credidimus

413 2835 580 2911 ‘Tempore
590 2834 622 2908 ⁵,'
644 2835 756 2911 inquit,
785 2837 1008 2912 ‘mortalit-atis,
1034 2857 1114 2914 quae
1135 2831 1302 2896 Brittaniam

369 2932 615 3009 Hiberniamque
629 2933 692 2994 lata
711 2937 813 3012 strage
833 2936 976 3010 uastauit,
998 2956 1164 3012 percussus
1181 2937 1225 2994 est
1240 2930 1303 2990 eius

369 3033 440 3090 dem
469 3031 554 3090 clade
581 3031 678 3108 pestis
705 3031 788 3092 inter
815 3033 892 3092 alios
919 3034 1100 3094 scolasticus
1128 3033 1250 3111 quidam
1272 3027 1303 3086 de

368 3150 481 3206 genere
497 3131 681 3202 Scottorum,
694 3131 804 3190 doctus
814 3132 943 3209 quidem
957 3133 1007 3192 uir
1017 3133 1123 3193 studio
1136 3133 1302 3199 litterarum,

370 3228 423 3288 sed
438 3248 510 3304 erga
521 3247 626 3287 curam
641 3233 806 3305 perpetuae
816 3251 890 3290 suae
900 3231 1083 3291 saluationis
1097 3232 1180 3291 nihil
1194 3227 1305 3290 omnino

370 3326 466 3385 studii
481 3329 512 3384 et
533 3327 705 3386 industriae
724 3349 842 3404 gerens.
889 3329 1037 3404 Quicum
1057 3351 1091 3389 se
1110 3331 1205 3392 morti
1221 3322 1305 3405 proxi·

370 3443 460 3484 mum
475 3424 601 3502 uideret,
616 3425 727 3486 timere
741 3427 841 3504 coepit
855 3431 886 3488 et
899 3448 1020 3506 pauore,
1038 3449 1079 3488 ne
1093 3449 1170 3488 mox
1183 3429 1307 3487 mortuus

372 3522 410 3582 ob
445 3523 556 3582 merita
589 3524 742 3586 scelerum
776 3528 815 3587 ad
849 3517 970 3588 infami
993 3528 1130 3588 claustra
1157 3526 1306 3604 raperetur.

372 3619 579 3698 clamauitque
592 3642 650 3700 me,
663 3644 735 3683 cum
749 3645 850 3685 essem
866 3626 901 3686 in
911 3627 1045 3688 uicinia⁸
1059 3628 1190 3705 positus,
1202 3623 1310 3686 etinter
1386 3680 1387 3703 ἦ

405 3801 590 3854 ¹ueniensll.
659 3804 841 3869 ²·parnenaia
852 3809 885 3859 N.
954 3810 1107 3860 'radioli
1175 3803 1310 3858 ‘moal

373 3879 382 3908 ⁵
397 3883 442 3928 Tae
450 3885 540 3940 chapter
549 3886 626 3942 tectas
634 3889 684 3932 aere
693 3888 720 3932 ta
731 3886 759 3934 G.
768 3885 810 3936 W.
822 3886 854 3935 D.
867 3888 933 3950 ΟΠ,
947 3889 1074 3953 owse.
1120 3889 1132 3918 ⁸
1148 3891 1236 3940 uicina
1243 3885 1274 3935 1.
1281 3881 1308 3932 ll·
