2859 4334
138 260 198 308 cn.
210 259 294 307 xxvr
304 253 459 320 [xxv111].]
506 243 621 312 Gentis
643 243 848 330 Aspiciam.
1023 243 1086 308 271

137 421 192 492 his,
220 437 294 495 qaue
311 421 498 495 possidebant
506 418 526 495 ¹,
554 421 667 495 aliquid
688 438 777 480 soma
800 437 861 480 csse
889 421 1007 494 dicebat,
1038 420 1088 480 aed

137 523 219 578 cram
232 517 291 580 cis²
306 520 426 579 omntn'
440 518 626 581 communio?

398 704 490 766 aar.
512 703 624 764 xxvr
646 697 832 784 [xxvnn.

140 837 169 883 Ut
184 838 246 884 tam
256 839 284 883 in
294 841 347 884 utta
363 840 506 886 cosmica
517 837 632 894 atsontcm
643 839 670 883 dc
686 839 765 884 arente
775 841 836 882 tm
850 838 937 882 mado
944 839 1087 899 munit,

212 920 233 963 at
243 915 354 973 κράνη*
366 919 393 964 da
400 919 478 982 ,lobon
490 929 607 962 manuum
618 916 680 961 ultra
691 918 781 972 tempus
791 916 883 961 menda·
893 918 1011 970 weperit.

179 1031 264 1092 Exrs
288 1033 462 1093 Gudberct⁵
484 1033 693 1093 crescentibus
716 1032 837 1092 meritis
860 1032 1019 1108 religiosae
1041 1032 1086 1092 in·
1105 1038 1229 1083 Cuthbert

138 1130 296 1204 tentionis,
311 1131 349 1191 ad
364 1132 568 1192 anchoriticee
579 1151 702 1208 quoque
715 1131 996 1207 contemplationis,
1010 1151 1088 1209 quae
1104 1099 1259 1203 pacepppoean

137 1229 284 1302 diximus,
308 1230 432 1290 silentia
459 1233 574 1291 secreta
599 1230 750 1307 peruenit.
794 1231 935 1291 Uerum⁸
957 1230 1029 1306 quia
1050 1230 1088 1289 de
1104 1217 1229 1321 {335⁰

137 1327 203 1388 uite
223 1328 311 1388 illius
327 1332 359 1389 et
380 1329 552 1390 uirtutibus
569 1333 642 1389 onte
659 1348 760 1388 annos
776 1329 883 1405 plures
900 1329 1089 1389 sufficienter

135 1427 167 1484 et
182 1426 324 1487 uersibus
337 1428 475 1502 heroicis,
490 1433 522 1488 et
536 1427 672 1504 simplici
687 1427 826 1486 oratione
836 1427 1083 1503 conscripsimus,

137 1525 197 1585 hoc
215 1529 340 1587 tantum
358 1528 390 1587 in
409 1527 564 1604 praesenti
583 1545 828 1586 commemorare
845 1527 920 1586 satis
938 1526 986 1600 sit,
1004 1527 1086 1603 qnod

22 1627 30 1670 ἱ
58 1631 66 1674 i
136 1624 279 1684 aditurus
292 1624 428 1686 insulam
442 1627 632 1703 protestatus
649 1628 696 1684 est
712 1624 869 1694 fratribus,
887 1625 1010 1686 dicens:
1036 1626 1086 1686 ‘Si

32 1762 38 1790 ,
136 1723 217 1782 mihi
238 1723 345 1784 diuina
364 1725 462 1801 grstia
477 1724 511 1784 in
530 1723 597 1783 loco
617 1723 672 1784 illo
689 1723 860 1799 donauerit,
879 1726 914 1783 ut
936 1724 975 1783 de
995 1743 1087 1800 opere

135 1841 289 1882 manuum
310 1843 452 1884 mearum
473 1825 579 1884 uiuere
599 1841 721 1898 queam,
736 1821 838 1881 libens
858 1822 902 1882 ibi
921 1822 1087 1897 morabor;

135 1923 185 1980 sin
200 1922 284 1998 alise,
300 1923 339 1983 ad
355 1943 411 1983 uos
427 1922 576 1982 citissime
591 1921 656 1982 Dec
671 1921 798 1980 uolente
812 1922 970 1981 reuertar.’
1012 1923 1087 1982 Erat

135 2023 242 2080 autem
257 2021 343 2081 locus
357 2025 388 2082 et
402 2041 499 2099 aquae
510 2039 635 2098 prorsus
649 2023 681 2079 et
694 2019 793 2096 frugis
806 2023 838 2079 et
851 2020 969 2080 arboris
982 2019 1083 2097 inops,

23 2137 51 2166 e
66 2139 93 2170 ¹·
134 2119 189 2180 sed
226 2123 258 2180 et
292 2120 460 2198 spirituum
488 2119 698 2196 malignorum
730 2118 904 2195 frequentis
930 2119 1086 2179 humanae

134 2217 321 2280 habitationi
347 2221 454 2280 minus
479 2219 717 2292 accommodum
746 2218 800 2277 sed
824 2217 863 2276 sd
891 2220 1001 2277 notum
1026 2218 1087 2278 uiri

135 2318 195 2378 Dei
222 2319 401 2379 habitabilis
428 2339 484 2396 per
511 2317 616 2379 omnia
647 2317 748 2377 fectus
777 2319 832 2391 est,
864 2316 1018 2394 siquidem
1046 2318 1085 2377 sd

134 2417 309 2477 aduentum
323 2419 390 2478 eius
404 2418 532 2494 spiritus
542 2434 695 2476 recessere
708 2415 847 2492 maligni.
886 2416 966 2476 Cum
979 2420 1085 2476 antem
1104 2425 1224 2470 nucales

134 2515 202 2592 ipse
216 2517 276 2577 sibi
286 2517 404 2577 ibidem
415 2515 552 2594 expulsis
562 2513 704 2575 hostibus
715 2514 911 2573 mansionem
921 2517 1085 2592 angustam

133 2615 392 2676 circumualhnte
426 2635 536 2693 aggere
570 2620 597 2674 ct
629 2615 732 2674 omas
760 2617 794 2673 in
824 2633 859 2672 es
887 2615 1081 2688 necessarias,

134 2713 265 2774 iuuante
279 2715 412 2774 fratrum
427 2733 531 2788 manu,
549 2713 580 2773 id
595 2715 644 2773 est
657 2713 828 2772 oratorium
842 2715 875 2772 et
887 2714 1086 2774 habitaculum

28 2833 67 2864 ιι
134 2831 293 2886 commuto,
311 2813 542 2886 construxisset,
560 2812 651 2872 iussit
669 2811 782 2872 fratres
798 2811 831 2871 in
850 2811 988 2872 eiusdem
1002 2813 1086 2873 habi·

134 2911 231 2972 tsculi
259 2912 439 2988 pauimento
461 2914 586 2987 foueam
617 2911 736 2984 facere3
767 2915 829 2970 caut
855 2914 961 2971 autem
990 2911 1085 2972 telins

134 3011 295 3072 darbeim
314 3017 342 3072 ct
358 3029 472 3085 sucoso,
490 3011 540 3070 eui
559 3009 648 3070 nulla
669 3009 800 3068 omnino
820 3027 891 3085 spes
911 3028 1006 3070 aeaco
1016 3012 1084 3084 son·

135 3115 225 3170 tanae
239 3111 396 3170 uideretur
411 3110 521 3170 inesse.
574 3108 663 3183 Quod
677 3108 755 3167 dum
772 3107 917 3182 facerent,
935 3108 972 3167 ad
988 3107 1083 3168 fidem

134 3215 166 3272 et
185 3231 291 3289 preces
311 3211 422 3272 famuli
442 3210 508 3284 Dei,
525 3209 586 3270 alio
605 3209 655 3269 die
674 3227 756 3285 aqua
775 3207 868 3284 plene
885 3210 1006 3268 inuam
1024 3211 1079 3283 est,

133 3329 214 3388 quae
242 3329 340 3387 usque
367 3310 406 3369 sd
431 3309 511 3369 hanc
539 3309 623 3368 diem
651 3305 857 3366 sufficientem
881 3306 1003 3367 cunctis
1026 3307 1083 3366 illo

131 3408 373 3470 aduenientibus
389 3408 504 3486 gratiae
525 3426 598 3466 suae
618 3405 760 3466 caelestis
780 3408 894 3480 copiam
913 3405 1079 3466 ministrat

22 3529 63 3558 ιτ
133 3509 195 3569 Sed
218 3511 251 3568 et
274 3509 463 3568 femmenta
486 3507 542 3567 sabi
563 3505 677 3565 rurslis
696 3524 768 3564 oum
790 3504 947 3564 frumento
970 3508 1083 3580 adferri

134 3611 257 3686 ropoait,
285 3607 367 3685 quod
391 3608 467 3666 dum
495 3607 675 3683 praeparate
703 3607 779 3663 tem
803 3608 923 3678 wopan
945 3623 1082 3681 congruo

166 3757 173 3787 ²
193 3755 299 3820 pcmd·
312 3755 347 3806 bi.
391 3752 401 3782 ¹
418 3755 474 3804 illis
484 3753 529 3816 bi3
545 3753 609 3803 vita
620 3753 722 3812 codb.;
740 3753 786 3801 eia
798 3767 861 3813 sup,
874 3765 900 3814 p.
914 3769 954 3813 ⁴9
1000 3750 1009 3778 ²
1025 3764 1081 3799 om.

133 3837 180 3886 nis
190 3851 237 3885 cm.
249 3833 284 3884 Μ.
372 3833 381 3862 ⁴
399 3835 510 3896 segitem
523 3833 558 3883 bi.
649 3831 659 3860 ⁵
674 3829 765 3880 ·berbt
776 3830 805 3880 0.
897 3824 907 3855 ⁸
927 3829 1005 3880 Mc.
1017 3831 1081 3888 sm

132 3920 169 3966 tte
178 3931 231 3964 new
240 3917 332 3972 uapor
342 3917 397 3962 with
408 3927 511 3963 nerum.
