2859 4334
311 269 377 332 ιιι
623 266 956 353 epulonem

311 442 388 502 anni
429 441 565 520 spatium
602 462 764 521 peragram
806 440 1012 521 praedicando
1045 441 1101 499 aut
1134 436 1263 498 circuire

312 540 454 617 uoluerit,
496 541 530 602 in
571 561 689 602 nomeu
732 540 782 601 sui
816 540 1011 617 praesulatus
1046 537 1258 615 assumpserit,

311 641 387 700 satis
409 638 575 721 exitialbile
598 643 630 701 et
651 640 779 701 sibimet
799 639 867 717 ipsi,
892 642 924 699 et
944 638 1009 699 illis
1029 636 1164 716 quibus¹
1185 636 1262 696 falso
1278 647 1301 693 r.
1313 662 1380 706 922

310 735 462 812 praesulis
496 736 626 796 nomine
654 735 812 813 praelatus
847 736 902 810 est,
939 732 1159 811 comprobatur
1193 750 1262 790 con-

312 832 439 893 cinnare
453 834 637 911 periculum.

138 948 276 994 Aidofthe
353 948 380 1004 9.
405 928 492 989 Haec
506 932 578 989 tuae
596 927 763 1003 sanctitati,
780 926 982 987 dilectissime
1001 925 1141 999 antistes,
1158 923 1263 1001 paucis

137 1008 294 1123 ffffloe
311 1026 350 1086 de
374 1026 553 1088 calamitate
577 1047 639 1105 qua
658 1030 765 1088 nostra
784 1046 862 1105 gens
882 1026 1058 1086 miserrime
1078 1023 1197 1084 laborat
1216 1023 1263 1083 in·

138 1126 230 1198 f0rt¹3⁰
311 1124 448 1198 sinuans‚
465 1125 592 1187 obsecro
605 1125 733 1187 sedulus
740 1125 760 1201 ¹,
778 1129 814 1186 ut
834 1124 912 1186 haec
931 1144 1011 1202 quae
1028 1124 1263 1201 peruersissime

137 1185 295 1302 mma
311 1223 361 1301 agi
375 1224 536 1302 conspicis,
555 1228 709 1302 quantum
725 1224 818 1300 uales,
835 1224 875 1284 ad
889 1228 1006 1284 rectam
1020 1223 1103 1283 uitae
1117 1241 1262 1282 normam

137 1317 191 1351 Μ
310 1342 452 1384 reuocare
473 1324 651 1385 contendas.
696 1324 802 1385 Habes
822 1324 917 1399 enim,
940 1328 977 1385 ut
997 1323 1097 1397 credo,
1119 1323 1261 1400 promtis·

310 1421 428 1482 simum
452 1424 518 1483 tam
543 1422 617 1484 iusti
640 1423 756 1484 laboris
775 1423 960 1499 adiutorem,
985 1440 1092 1499 regem
1116 1420 1262 1481 uidelicet

310 1519 510 1581 ceoluulfum
518 1522 537 1596 ³,
550 1521 605 1599 qui
618 1524 651 1582 et
664 1542 722 1599 pro
735 1522 830 1583 insitu
842 1521 904 1581 sibi
914 1521 1082 1581 dilectione
1091 1519 1258 1597 religionis,

310 1619 456 1697 quiequid
477 1620 516 1681 ad
538 1620 679 1697 regulam
699 1620 826 1699 pietatis
844 1620 989 1697 pertinet,
1005 1619 1098 1679 firma
1117 1618 1261 1696 protinus

309 1717 485 1779 intentione
505 1718 653 1779 adiuuare
673 1720 800 1796 curabit,
817 1722 849 1780 et
869 1718 1008 1778 maxime
1027 1717 1090 1793 illa,
1113 1737 1193 1795 quae
1212 1721 1257 1792 tu,

310 1835 408 1893 quum
420 1816 463 1876 sis
473 1818 668 1896 propinquus
675 1817 762 1878 illius
770 1816 1012 1889 amantissimus,
1023 1816 1106 1877 bona
1115 1816 1256 1894 coeperis,

308 1915 383 1991 ipse,
407 1918 443 1975 ut
470 1916 678 1993 perficiantur,
702 1916 848 1995 opitulari
872 1916 994 1977 curabit
1002 1916 1021 1977 ⁴.
1067 1916 1260 1994 Quapropter

310 2013 407 2073 uelim
429 2014 571 2075 sollerter
591 2015 683 2075 illum
704 2016 881 2092 admoneas,
905 2016 997 2075 utin
1017 2014 1127 2076 diebus
1146 2015 1260 2075 uestris

310 2115 428 2173 statum
447 2117 572 2174 nostrae
586 2114 690 2191 gentis
708 2115 951 2176 ecclesiasticum
968 2113 1003 2173 in
1022 2115 1146 2190 melius,
1163 2133 1259 2191 quarn

309 2212 461 2273 hactenus
488 2212 596 2289 fuerat,
620 2214 792 2275 instaurare
818 2214 941 2275 curetis
986 2214 1076 2290 Quod
1105 2233 1171 2274 non
1198 2214 1260 2273 alio

309 2311 417 2389 magis,
434 2314 471 2372 ut
491 2312 571 2372 mihi
589 2312 722 2389 uidetur,
738 2316 841 2392 potest
860 2314 969 2375 ordine
987 2314 1100 2392 perfici,
1117 2333 1212 2391 quam
1233 2312 1260 2372 si

308 2410 414 2487 plures
428 2414 552 2471 nostrae
562 2411 650 2489 genti
661 2417 881 2473 consecrentur
890 2413 1055 2487 antistites,
1068 2413 1260 2490 exemplum·

310 2528 370 2586 que
394 2509 570 2587 sequamini
594 2510 787 2588 legislatoris,
812 2510 875 2589 qui,
900 2530 973 2571 cum
994 2511 1082 2572 eolus
1102 2511 1203 2589 iurgia
1224 2530 1259 2571 ac

309 2608 432 2685 pondus
449 2608 636 2670 Israeliticae
655 2609 754 2687 plebis
770 2611 924 2671 sustinere
942 2630 1007 2670 non
1028 2613 1140 2689 posset,
1164 2609 1261 2688 elegit

309 2706 368 2767 sibi
383 2706 491 2767 diuino
508 2708 633 2769 adiutus
652 2708 789 2785 consilio,
806 2712 839 2769 et
859 2709 1052 2770 consecrauit
1064 2709 1261 2787 septuaginta
1278 2725 1362 2773 Num.
1374 2731 1409 2775 xe

308 2805 453 2881 seniores,
470 2826 604 2883 quorum
627 2827 700 2868 cura
720 2811 814 2885 atque
830 2808 967 2869 auxilio⁶
991 2808 1178 2887 impositum
1198 2808 1261 2867 edri
1280 2788 1309 2831 ¹⁶
1318 2800 1380 2845 ⁸¹⁸¹·

307 2924 388 2966 onus
411 2904 492 2966 ferre
515 2904 644 2966 liberius
667 2909 797 2984 posset⁸.
842 2906 920 2982 Quis
943 2907 1029 2967 enim
1053 2928 1118 2969 non
1144 2907 1258 2981 uideat,

308 3006 425 3081 quanto
451 3002 494 3063 sit
520 3002 636 3064 melius
661 3008 728 3065 tam
757 3024 885 3064 enorme
912 3005 1036 3083 pondus
1063 3006 1262 3067 ecclesiastici

307 3102 470 3180 regiminis
499 3101 534 3161 in
560 3102 673 3180 plures,
705 3103 761 3181 qui
793 3103 854 3165 hoc
885 3104 1107 3182 dispertituml
1137 3104 1261 3165 facilius

307 3202 418 3276 ferant,
429 3201 537 3277 diuidi,
553 3220 647 3280 quam
662 3222 763 3263 unum
778 3203 837 3264 sub
850 3204 940 3277 fasce,
952 3222 1047 3281 quem
1060 3205 1184 3280 portare
1193 3223 1259 3264 non

307 3299 413 3377 possit,
428 3299 571 3377 opprimi.
604 3300 686 3360 Num
701 3304 733 3361 et
747 3306 873 3362 sanctus
885 3303 983 3379 papa⁸
997 3302 1174 3380 Gregorius,
1186 3322 1260 3362 cum
1279 3310 1368 3383 M.

307 3399 346 3458 de
357 3398 418 3459 fide
433 3402 555 3459 nostrae
568 3400 680 3477 gentis,
691 3421 770 3478 quae
782 3402 884 3462 adhuc
898 3402 1004 3463 future
1014 3404 1047 3462 et
1056 3405 1261 3464 consemata’
1278 3370 1412 3423 nus

307 3500 373 3556 erat
386 3496 422 3557 in
433 3497 567 3570 Christo,
580 3498 619 3558 ad
634 3498 852 3559 beatissimum
862 3501 1129 3578 archiepiscopum
1137 3502 1261 3579 Augus·

304 3594 410 3655 tinum
432 3595 538 3656 missis
558 3594 672 3657 litteris
696 3597 875 3675 disputaret,
899 3600 1063 3661 duodecim
1084 3600 1120 3661 in
1141 3620 1178 3661 ea
1199 3601 1261 3678 epi-

339 3760 475 3810 ¹sibimct
487 3762 553 3825 ipsis
563 3764 663 3826 quibus
674 3764 710 3814 M.
761 3762 873 3816 ¹·10lt
933 3764 1128 3816 ⁸-wu1fum1,
1175 3766 1261 3831 ‘opi-

306 3852 490 3902 tulabiturM.
557 3852 631 3917 'ope
642 3858 724 3918 atque
735 3855 848 3905 coneilio
858 3855 895 3906 M.
961 3856 1120 3919 ‘possitlL
1186 3857 1262 3911 'hic

307 3930 529 3994 dispertiturall.
594 3932 858 3997 'papasanctuslt
926 3934 1061 3986 ⁹·uatura
1071 3937 1108 3987 Η.
