2859 4334
345 245 408 310 184
611 243 770 310 Historia
790 243 1022 312 Ecclesiastico
1164 255 1231 322 [sn.
1243 258 1285 311 111.

171 431 312 536 gpffiffi
346 418 528 492 Oolmonum,
557 421 611 496 qui
633 423 715 480 esset
737 421 816 480 ritus
838 423 870 480 et
894 419 979 480 unde
999 417 1153 497 originem
1177 420 1286 480 ducens

172 551 249 596 Osltic

173 623 253 666 ”²8⁰1

313 503 328 537 ⁰
344 517 406 594 ille,
421 538 514 596 quem
526 517 593 595 ipse
604 521 794 594 sequeretur.
826 519 923 578 Τιιιι]ι
932 517 1142 579 colmanus:“
1152 517 1286 590 Pacem·

344 615 456 694 inquit,
491 616 591 692 ‘hoc²,
620 617 702 694 quod
730 637 820 694 agere
847 617 940 690 soleo,
970 636 989 677 a
1016 616 1189 677 maioribus
1215 617 1287 676 meis

344 715 454 793 accepi,
472 716 527 792 qui
548 735 600 775 me
621 717 682 776 huc
702 715 880 792 episcopum
898 716 1062 791 miserunt,
1078 716 1165 792 quod
1184 734 1287 775 omnes

338 820 439 890 potres
458 817 556 890 meri,
579 814 639 874 uiri
659 815 726 874 Deo
746 813 860 889 dilecti,
877 814 986 874 eodem
1006 814 1100 874 modo
1121 813 1286 874 celebrasse

345 916 516 974 noscuntur
524 914 543 974 ³.
589 913 677 988 Quod
705 933 747 973 ne
773 912 824 973 cui
848 913 1112 972 contemnendum
1135 916 1171 973 et
1195 932 1287 990 repro

345 1012 483 1072 bendum
497 1031 564 1072 esse
578 1013 730 1086 uideatur,
746 1014 851 1089 ipsum
865 1013 920 1086 est,
938 1011 1020 1088 quod
1038 1012 1149 1071 beatus
1163 1032 1285 1089 euange

345 1109 417 1170 lists
436 1111 595 1184 Iohannes,
612 1111 784 1186 discipulus
803 1110 976 1186 specialiter
993 1111 1130 1171 Domino
1151 1111 1285 1183 dilect-us,

346 1229 417 1268 cum
432 1208 587 1282 omnibus,
604 1209 718 1285 quibus
734 1212 880 1285 praeerat,
898 1209 1035 1268 ecclesiis
1048 1211 1210 1270 celebrasse
1222 1208 1289 1285 legi·

346 1307 418 1367 tur!
460 1306 527 1381 Quo
552 1307 626 1367 haec
650 1310 682 1368 et
707 1307 758 1366 his
781 1307 896 1367 similia
918 1307 1045 1384 dicente,
1069 1309 1164 1368 iussit
1184 1327 1238 1367 rex
1259 1310 1287 1366 et

344 1405 580 1482 Agilberctum⁴
597 1406 734 1483 prolerre
752 1404 787 1465 in
805 1406 945 1466 medium
962 1426 1083 1466 morem
1102 1425 1178 1466 suae
1196 1406 1288 1466 obser

345 1505 581 1579 ustionis,unde
595 1504 723 1563 initium
736 1503 871 1578 heberet,
883 1504 1288 1581 uelquahuncauctoritate
1391 1506 1392 1537 ¹

345 1605 533 1680 sequeretur.
579 1603 751 1679 Respondit
758 1602 990 1679 Agilberctus⁴t
1013 1603 1199 1680 ‘loquatur
1210 1602 1289 1662 obse
1391 1606 1392 1687 ¹

345 1720 406 1776 oro,
427 1699 431 1779 l
451 1701 518 1760 uice
536 1720 605 1760 mea
621 1700 792 1777 discipulus
812 1720 902 1760 meus
920 1703 1032 1776 Uilsn'd
1045 1703 1204 1777 presbyter,
1221 1701 1290 1778 quia
1303 1717 1362 1765 tw

346 1820 446 1860 unum
469 1799 562 1859 ambo
586 1801 724 1876 sapimus
747 1819 820 1860 cum
841 1801 960 1874 ceteris,
985 1801 1040 1878 qui
1063 1801 1115 1861 hic
1138 1801 1286 1872 adsident,
1391 1804 1392 1819 ¹

346 1898 566 1959 ecclesiastieae
587 1898 763 1958 traditionis
783 1899 976 1974 cultontus3
996 1903 1029 1959 ct
1049 1899 1104 1959 ille
1124 1901 1240 1960 melius
1257 1919 1290 1958 ac

346 1998 542 2057 manifestius
576 1997 643 2074 ipsa
673 1997 779 2074 lingua
807 1998 994 2075 Anglorum,
1025 2018 1119 2075 quam
1149 2017 1205 2076 ego
1238 2017 1289 2074 per

346 2098 554 2173 interpretem,
578 2099 680 2172 potest
701 2095 872 2173 explanare,
896 2116 973 2173 quae
993 2097 1170 2157 sentimus'
1209 2098 1289 2157 Tum

345 2194 470 2270 Uilfn'd,
501 2195 627 2254 iubente
662 2215 742 2271 rege,
773 2196 809 2253 ut
837 2195 958 2269 diceret,
988 2195 1033 2255 its
1065 2215 1194 2256 exorsus
1225 2197 1289 2254 eet:

349 2294 468 2368 ‘Pasca,
494 2293 576 2370 quod
597 2293 749 2368 facimus'
772 2294 885 2370 inquit,
913 2295 1067 2356 ‘uidimus
1089 2296 1213 2370 Romae,
1237 2293 1290 2353 ubi
1392 2356 1393 2375 ,

345 2392 428 2452 beati
449 2392 581 2468 apostoli
602 2393 716 2452 Petrus
736 2396 769 2452 et
786 2394 904 2453 Paulus
924 2393 1037 2468 uixere,
1055 2395 1194 2468 docuere,
1210 2392 1290 2470 pessi

346 2495 429 2565 sunt,
447 2494 479 2550 et
500 2490 622 2566 sepulti,
640 2491 679 2550 ab
701 2492 848 2552 omnibus
868 2493 1016 2553 celebrari
1027 2515 1035 2567 ;
1056 2493 1115 2553 hoc
1135 2495 1172 2554 in
1190 2493 1287 2564 ltalia,
1392 2476 1393 2551 ᾗ

276 2593 278 2600 ’
347 2589 405 2648 hoc
419 2591 452 2648 in
464 2589 571 2664 Gallia,
585 2609 660 2666 quas
670 2590 809 2650 discendi
823 2591 875 2650 uel
889 2591 997 2652 orandi
1011 2593 1116 2652 studio
1130 2591 1290 2669 pertransi·

347 2687 523 2762 uimus'ab
544 2687 691 2748 omnibus
710 2691 762 2766 agi
781 2689 1038 2767 conspeximus⁶;
1062 2691 1121 2751 hoc
1142 2692 1287 2752 Africam.

347 2787 464 2861 Asiam,
489 2787 679 2863 Aegyptum,
702 2789 853 2863 Greciam,
877 2791 908 2849 et
931 2809 1058 2850 omnem
1082 2790 1200 2862 orbem,
1221 2807 1292 2866 qus·

347 2905 480 2961 cumque
515 2885 632 2944 Christi
667 2886 796 2947 ecclesia
828 2887 941 2946 diffusa
975 2891 1032 2961 eet,
1065 2908 1123 2964 per
1157 2889 1290 2948 diuersas

348 2983 489 3043 nationes
517 2986 549 3043 et
583 2985 714 3062 linguas,
745 3005 809 3045 uno
836 3006 871 3045 ac
902 3005 966 3045 non
993 2986 1120 3047 diuerso
1146 2985 1290 3063 temporis

349 3083 456 3142 ordine
474 3083 538 3160 geri
557 3084 774 3160 conperimus;
795 3087 916 3161 praeter
936 3085 994 3145 hos
1012 3088 1140 3145 tentum
1154 3092 1185 3146 et
1202 3083 1291 3144 obsti-

350 3181 484 3241 nationis
511 3201 619 3240 eorum
644 3183 806 3259 conplices,
834 3184 939 3243 Pictos
963 3183 1032 3243 dico
1059 3187 1093 3244 et
1116 3185 1287 3244 Brettonea

348 3299 421 3339 oum
442 3280 556 3356 quibus
577 3281 615 3340 de
636 3281 757 3340 duabus
776 3281 898 3340 ultimis
918 3283 1024 3341 oeeeni
1044 3282 1169 3358 insulis,
1190 3281 1289 3342 ethis

348 3397 413 3437 non
427 3379 509 3452 totis,
527 3382 633 3438 contra
647 3381 750 3438 totum
766 3378 874 3439 orbem
891 3380 989 3440 stulto
1007 3380 1113 3440 labore
1131 3379 1289 3459 pugnsnt’

348 3476 406 3536 Oui
428 3476 502 3536 haec
521 3478 638 3538 dicenti
656 3478 815 3554 respoudit
832 3479 1020 3539 colmanus:
1046 3478 1181 3540 ‘Mirum
1199 3497 1290 3555 quare

348 3575 482 3636 stultum
509 3576 664 3653 appellare
692 3577 797 3636 uelitis
823 3577 960 3637 laborem
988 3580 1144 3652 nostrum,
1170 3577 1203 3636 iu
1228 3596 1289 3654 quo

347 3675 428 3734 tanti
443 3677 570 3750 apostoli,
585 3677 636 3750 qui
649 3694 737 3750 seper
744 3681 846 3750 pectus
859 3677 981 3736 Domini
993 3676 1167 3736 recumbere
1180 3675 1289 3752 dignus

413 3825 505 3876 ¹tunc
516 3827 547 3877 B.
646 3826 827 3877 'lnocom.ll.
926 3826 1150 3892 'cognoscuntur
1160 3829 1188 3879 C.
1199 3828 1228 3876 D.

462 3905 473 3936 ⁴
492 3906 605 3955 -bercht
617 3907 656 3968 ῦς
674 3908 785 3956 -berect-
797 3907 830 3956 N.
929 3907 939 3936 ⁵
956 3909 1134 3972 conpsximus
1144 3909 1179 3958 1.
