2859 4334
362 222 427 285 288
634 218 793 286 Histoe»
815 217 1047 285 Ecclesiastico
1192 220 1284 287 [niv.

760 431 853 494 GAP.
876 430 915 492 V.

499 584 527 629 Ut
538 585 591 629 item
600 580 607 608 ¹
615 595 717 639 numm
728 583 817 628 comitis
826 582 914 627 orando
925 595 942 627 a
952 583 1022 627 morte
1031 580 1178 625 monuere.

402 717 485 776 Auro
499 715 576 776 item
591 718 731 793 tempore
742 718 872 776 uoeetus
884 714 923 776 ed
934 714 1137 777 dedicandam
1150 709 1288 772 eeclesiam

361 815 485 875 eomitis
505 816 657 877 uocabulo
677 816 764 877 Addi
771 815 791 891 ¹,
808 836 880 877 oum
901 815 1116 893 postuletum⁸
1137 810 1288 889 conpleseet
1386 812 1387 844 ³

362 913 581 989 ministerium,
602 917 729 991 rogatus
748 917 795 974 eet
811 914 849 974 ab
871 914 980 974 eodem
1001 913 1116 973 comite
1136 913 1242 971 intrare
1259 905 1290 966 ed

361 1032 462 1072 unum
483 1014 521 1073 de
541 1014 646 1090 pueris
666 1013 741 1086 eius,
758 1013 812 1091 qui
832 1013 981 1073 acerrime
1000 1012 1177 1089 egritudine
1192 1026 1290 1086 preme

360 1110 460 1185 batur,
491 1111 535 1171 ite
561 1115 606 1185 ut,
637 1112 800 1172 deficiente
828 1110 953 1188 penitus
983 1110 1071 1171 omni
1098 1110 1292 1170 membrorum

361 1209 482 1284 offieio⁴,
519 1210 706 1287 iamiamque
742 1211 913 1271 moriturus
947 1229 1016 1270 esee
1049 1208 1222 1277 uideretur;
1252 1204 1292 1264 oui

361 1307 456 1367 etium
490 1308 612 1369 loculus
646 1310 709 1369 iem
739 1313 816 1371 tuno
850 1311 916 1368 erat
945 1310 1153 1385 praeparatus,
1183 1306 1215 1365 in
1243 1322 1293 1381 quo

361 1406 528 1467 defunctus
552 1408 643 1467 condi
672 1408 808 1469 deberet.
849 1407 983 1468 Addidit
1011 1410 1116 1466 eutem
1144 1404 1193 1465 uir
1214 1404 1292 1463 etiem

361 1504 522 1565 lacrimas*
550 1506 699 1584 precibus,
726 1506 892 1583 diligenter
920 1504 1092 1578 obsecrans,
1116 1506 1154 1563 ut
1180 1503 1293 1563 intraret

361 1608 504 1664 oraturus
526 1625 582 1682 pro
605 1604 669 1679 illo,
695 1605 768 1681 quin
790 1604 928 1664 mult-um
953 1606 1126 1663 neeessarin
1146 1602 1206 1663 sibi
1226 1602 1293 1661 oeeet

361 1702 427 1761 uite
454 1704 571 1779 ipsius;
598 1704 736 1764 crederet
764 1723 847 1777 uero,
879 1703 959 1779 quie,
986 1704 1013 1762 ei
1041 1702 1095 1761 ille
1124 1702 1153 1761 ei
1180 1718 1293 1761 manum

361 1800 517 1877 inponere,
554 1804 648 1879 utque
682 1822 756 1862 eum
790 1801 972 1861 benedicere
1006 1801 1165 1871 uoluisset,
1202 1798 1294 1861 stetim

361 1899 474 1960 melius
487 1899 622 1961 heberet.
665 1900 804 1961 Intreuit
819 1920 893 1978 ergo
906 1899 981 1959 ἰΙΙοο
995 1900 1166 1976 episeopus,
1183 1900 1213 1958 et
1225 1896 1294 1957 uidit

359 2018 433 2057 eum
444 2000 552 2057 mestis
567 1999 715 2059 omnibus
725 1998 788 2060 inm
802 1998 899 2059 morti
908 1998 1095 2075 proximum,
1109 1998 1295 2075 positumque

359 2095 497 2156 loculum
515 2097 601 2157 iuxta
619 2117 701 2173 eum,
718 2098 752 2157 in
772 2118 834 2175 quo
852 2097 1049 2174 sepeliendus
1068 2098 1145 2174 poni
1166 2097 1295 2167 deberet;

360 2194 502 2273 dixitque
527 2198 707 2271 orationem,
735 2217 770 2256 ao
797 2196 958 2273 benedixit
981 2216 1063 2271 eum,
1091 2199 1124 2256 et
1149 2196 1297 2273 egrediens

360 2294 439 2354 dixit
453 2295 544 2354 solito
558 2296 787 2356 consolantium
798 2315 961 2356 sermone:
986 2295 1091 2355 ‘Bene
1104 2296 1298 2361 conueniens,
1390 2307 1391 2334 ³

358 2396 390 2453 et
424 2393 505 2454 cito!
547 2394 686 2471 Cumque
714 2398 785 2472 poet
815 2397 893 2456 haee
920 2397 1063 2457 sederent
1088 2395 1128 2455 ad
1156 2414 1295 2462 mensem

359 2492 446 2552 misit
467 2513 545 2569 puer
568 2494 606 2553 ed
628 2496 793 2555 dominum
814 2516 916 2567 nuum,
944 2514 1056 2572 rogans
1079 2494 1140 2554 sibi
1162 2494 1296 2574 poculum

358 2591 427 2651 uini
447 2593 579 2669 mittere,
597 2595 670 2672 quia
691 2594 799 2656 sitiret
845 2594 978 2654 Geuisue
999 2593 1052 2653 ille
1072 2593 1218 2667 multum,
1233 2591 1299 2669 quin

358 2689 462 2750 bibero
486 2697 598 2769 posset,
623 2694 710 2753 misit
738 2693 766 2752 ei
794 2692 922 2753 culicem
949 2693 1018 2753 uini
1041 2692 1238 2753 benedictum
1261 2691 1298 2749 nb

358 2788 521 2866 episcopm
543 2812 636 2868 quem
651 2796 687 2851 ut
701 2792 789 2865 bibit
807 2792 941 2851 surrexit
959 2791 1115 2866 continuo,
1134 2795 1165 2852 et
1180 2795 1297 2851 uetemo

357 2887 550 2949 infirmitatis
570 2890 717 2963 discusso,
739 2889 843 2949 induit
863 2909 897 2949 ee
916 2890 983 2967 ipse
1003 2889 1202 2951 uestimentis
1219 2888 1298 2960 suis;

357 2988 389 3044 et
412 3007 554 3063 egressus
574 2987 666 3048 inde⁷
687 2986 829 3057 intrauit,
849 3008 885 3048 ue
904 2987 1055 3049 ealuteuit
1074 2989 1251 3066 episcopum
1269 2992 1297 3046 et

357 3086 513 3160 conuiuas,
532 3086 644 3161 dinone,
656 3087 729 3163 quie
742 3086 809 3163 ipse
822 3106 947 3163 quoque
961 3087 1168 3147 delectaretur
1180 3087 1300 3149 mnndu-

357 3202 424 3242 oere
438 3186 469 3243 et
488 3184 594 3245 bibere
612 3205 684 3244 oum
702 3184 754 3245 ein
799 3185 964 3246 Iueserunt
984 3206 1057 3246 eum
1077 3187 1185 3247 sedere
1203 3206 1299 3247 seeum

356 3280 394 3340 ad
410 3282 522 3357 epulus,
541 3282 678 3343 multum
698 3283 868 3359 gaudentes
886 3284 926 3344 de
942 3284 1090 3361 sospitate
1108 3286 1205 3347 illiue
1251 3287 1301 3345 Re

356 3379 483 3453 uidebat,
508 3381 696 3455 uescebatur,
720 3382 853 3455 bibebat,
878 3382 1058 3459 laetabatur,
1076 3385 1165 3461 quusi
1186 3404 1299 3446 unuse

356 3474 497 3535 conuiuis
520 3476 651 3553 agebat3
679 3480 710 3535 et
735 3477 846 3537 multis
872 3477 1042 3555 posthaec
1066 3479 1160 3539 annin
1184 3482 1297 3542 uiuere

356 3572 390 3631 in
418 3576 534 3651 eadem,
563 3596 658 3653 quum
688 3579 853 3653 acceperet
883 3576 982 3638 eelute
1012 3579 1196 3655 permansit.
1237 3580 1300 3640 Hoc

391 3718 487 3767 ¹idem
500 3718 527 3768 O.
603 3716 707 3768 ¹aeddi
721 3720 759 3778 B;
776 3720 846 3769 reddi
859 3719 901 3770 N'.
980 3722 1109 3770 ³-tusrn
1187 3724 1297 3776 ‘officio

356 3800 432 3845 added
443 3814 473 3845 on
484 3802 578 3857 nmrgin
591 3798 625 3847 M.
748 3800 757 3827 ³
773 3800 836 3847 ·miu
848 3799 892 3849 Μ’.
1033 3802 1043 3830 ⁸
1058 3802 1107 3851 ilie
1119 3802 1146 3851 0.
1161 3803 1203 3853 W.
1217 3804 1250 3853 1).
1258 3803 1299 3853 de.

353 3873 363 3901 ⁷
382 3874 453 3929 indo.
464 3881 539 3925 added
550 3892 580 3925 on
590 3882 685 3937 margin
696 3876 731 3926 Μ.
799 3910 803 3917 -
