2859 4334
370 261 413 321 74
641 259 798 325 Historia
819 259 1054 325 Ecclesiastico
1208 269 1265 334 [111.
1276 274 1301 320 u.

371 435 549 496 deuotionis
563 438 709 496 exercuit.
740 436 954 512 nobilitatem
967 457 1044 496 uero
1058 436 1154 508 illem,
1171 433 1301 513 quomod

370 534 528 594 saeculum
554 535 719 594 uidebatur
743 535 864 605 hebere,
889 538 987 595 totam
1015 535 1054 594 sd
1082 534 1302 594 nanciscendam

370 651 521 709 supernae
555 633 686 710 gloriam
720 633 883 710 dignitatis
910 633 1018 694 diuina
1045 633 1144 711 gratis
1171 632 1303 709 largiente

371 731 532 791 conuertit.
594 731 674 792 Nem
711 736 834 792 mutato
870 735 997 808 repente
1030 731 1141 792 habitu
1177 727 1304 791 saecului

370 831 595 889 monasterium
617 830 715 906 petiit,
743 832 778 890 in
803 851 865 907 quo
891 834 979 890 tento
1006 829 1205 908 perfectionis
1224 826 1303 905 gratis

370 928 472 1003 coepit
493 929 677 1004 conuersari,
695 933 739 1001 ut,
763 929 843 988 sicut
866 929 932 1005 ipse
952 933 1060 1006 postes
1082 929 1187 988 flendo
1205 925 1303 986 solobot

370 1026 523 1100 adtestari,
540 1027 648 1087 animo
662 1027 749 1086 illius
763 1027 900 1087 labentis
918 1031 1029 1088 cuncte
1049 1028 1263 1097 subteressent,
1277 1025 1304 1080 ut

371 1124 464 1184 rebus
492 1125 646 1200 omnibus,
673 1145 752 1201 quse
780 1125 960 1201 uoluuntur,
989 1125 1149 1197 emineret,
1177 1121 1305 1184 utnulla

373 1223 434 1284 nisi
449 1223 591 1282 caelestia
604 1223 738 1299 cogitare
752 1223 871 1299 soleret,
886 1227 921 1284 ut
935 1224 1029 1284 etism
1043 1227 1187 1283 retentus
1200 1239 1306 1298 corpore

374 1322 440 1400 ipsa
460 1321 522 1381 iam
544 1320 644 1382 carnis
665 1321 799 1382 claustra
820 1323 1085 1399 contemplatione
1112 1322 1261 1383 transiret
1280 1322 1307 1375 ul

374 1423 508 1480 mortem
524 1440 654 1497 quoque,
673 1441 751 1497 quse
767 1441 847 1498 pene
861 1421 984 1482 cunctis
997 1441 1097 1498 poene
1111 1422 1167 1493 est,
1181 1417 1307 1479 uidelicet

375 1523 410 1578 ut
433 1519 608 1596 ingressum
630 1519 723 1592 uitae,
749 1523 781 1580 et
801 1519 915 1579 laboris
935 1520 985 1579 sui
1005 1519 1180 1596 praemium
1200 1518 1308 1577 smeret·

377 1616 479 1677 Haeo¹
496 1621 601 1676 nutem
622 1617 689 1694 ipse
710 1617 750 1678 de
770 1637 811 1692 se,
829 1638 893 1679 non
909 1618 1085 1695 profectum
1106 1616 1245 1676 iactando
1263 1612 1310 1672 uir

375 1721 489 1784 tutum,
514 1717 568 1775 sed
593 1715 736 1776 deflendo
759 1717 864 1793 potius
890 1717 1055 1791 defectum,
1074 1736 1168 1794 quem
1190 1713 1249 1773 essii
1268 1727 1311 1786 per

375 1835 482 1876 curam
504 1815 692 1891 pastoralem
720 1815 887 1875 incurrisse
915 1815 1089 1890 uidebatur,
1121 1814 1232 1874 reterre
1256 1827 1311 1868 oon

376 1916 488 1975 suerat.
564 1913 707 1991 Denique
741 1918 883 1990 tempore
918 1915 1054 1991 quodem
1089 1915 1215 1988 secreto,
1253 1927 1311 1967 curn
1383 1908 1384 1935 l

376 2014 507 2072 diacono
533 2033 595 2084 suo¹
611 2013 705 2072 Petro
727 2013 925 2088 conloquens,
951 2012 1142 2072 enumeratis
1165 2007 1259 2070 enimi
1273 2003 1313 2064 sui

376 2111 547 2170 uirtutibus
568 2111 684 2185 priscis,
708 2130 781 2170 mox
803 2110 936 2170 dolendo
956 2110 1140 2171 subiunxit:
1164 2111 1222 2168 ‘At
1241 2121 1312 2166 nunc

377 2229 414 2268 ex
440 2209 599 2268 occasione
629 2227 720 2268 curse
748 2209 912 2286 pastoralis
935 2209 1141 2270 saecularium
1164 2205 1313 2266 hominum

379 2307 503 2384 negotia
531 2307 656 2383 petitur,
688 2311 721 2367 et
747 2310 817 2384 post
840 2310 907 2367 tom
930 2307 1094 2384 pulchram
1119 2303 1231 2384 quistis
1252 2317 1314 2359 sune

382 2405 515 2482 speciem
544 2405 658 2464 terreni
686 2408 774 2464 nctus
801 2406 930 2482 puluere
951 2407 1082 2466 ledetur.
1129 2405 1263 2479 Cumque
1287 2415 1314 2454 se

380 2524 435 2580 pro
456 2503 735 2564 condescensione²
749 2504 923 2564 multorum
943 2505 981 2565 ed
1003 2503 1156 2564 exteriora
1175 2495 1312 2578 sparserit·

379 2603 474 2662 otiam
503 2621 574 2662 oum
603 2602 750 2661 interiora
777 2603 904 2680 appetit,
931 2603 971 2662 sd
999 2602 1074 2662 hoec
1100 2600 1208 2679 procul
1233 2593 1315 2656 dubio

379 2701 484 2760 minor
498 2699 590 2759 redit.
632 2701 797 2776 Perpendo
811 2701 924 2777 itaque,
943 2701 1018 2777 quid
1040 2699 1148 2773 tolero,
1165 2692 1313 2775 perpendo.

379 2799 453 2874 quid
477 2797 588 2870 smisi3
616 2798 754 2875 dumque
778 2798 903 2860 intueor
925 2799 1014 2874 illud,
1036 2797 1120 2874 quod
1141 2793 1264 2874 perdidi,
1285 2789 1315 2848 fit

380 2899 438 2956 hoc
459 2898 591 2973 grauius,
617 2898 700 2973 quod
721 2900 832 2975 porto'

234 3007 254 3051 is
281 3021 317 3074 as-
422 2997 508 3055 Hoeo
533 2995 661 3071 quidem
686 3001 813 3056 sanctus
838 2997 889 3056 uir
916 3017 955 3056 ex
982 3015 1117 3073 magnae
1143 2985 1317 3054 humilitus

380 3095 555 3154 intentione
576 3095 715 3168 dicebat3
738 3096 792 3155 sed
814 3117 874 3156 nos
896 3096 1020 3156 credere
1043 3095 1132 3154 decet
1157 3091 1233 3153 nihil
1253 3105 1317 3148 eum

382 3193 579 3251 monachicae
609 3193 807 3268 perfectionis
837 3193 1011 3270 perdidisse
1040 3191 1217 3252 occasione'
1241 3200 1318 3245 cume

382 3291 552 3367 pastoralis,
569 3291 667 3350 immo
683 3292 834 3368 potiorem
854 3296 929 3353 tunc
944 3293 1094 3352 sumsisse
1108 3291 1274 3369 profectum
1286 3281 1319 3339 d?

382 3389 485 3448 labore
521 3389 733 3449 conuersionis
766 3391 948 3465 multorum,
982 3410 1077 3466 quem
1109 3390 1149 3450 de
1176 3380 1318 3465 proptiae⁴

382 3487 539 3563 quondam
572 3487 675 3562 quiete
709 3489 954 3548 conuersationis
988 3488 1166 3561 hebuerst3
1201 3480 1320 3544 maxime

383 3584 456 3661 quis
469 3588 500 3644 ot
513 3585 684 3662 pontificali
698 3586 827 3646 functus
841 3587 941 3646 officio
958 3587 1088 3647 domum
1107 3605 1199 3646 susm
1214 3595 1318 3643 mona&

383 3683 496 3741 terium
512 3683 610 3742 facere
627 3684 769 3759 curauit3
788 3682 794 3764 1
812 3688 844 3744 et
862 3686 939 3744 dum
957 3685 1059 3762 primo
1081 3685 1122 3744 de
1143 3675 1318 3743 monosterlO

418 3828 584 3879 ¹hooO.B².
651 3830 956 3893 ’descensioneM.H1.
1022 3823 1325 3880 &neomutotodss

385 3910 463 3954 cline.
539 3906 655 3958 ⁴·rioc.

1325 2175 1357 2218 m

1374 2111 1383 2150 ’1

1334 3686 1385 3720 [5⁴
