2859 4334
150 289 211 339 cn.
226 283 257 348 1.]
471 275 586 342 Gentis
607 275 813 362 Aoplooaam.
1067 278 1106 341 11

150 449 314 509 aduenarit
328 449 530 523 matutinum,
546 454 656 528 utpote
674 454 827 512 nocturno
845 452 911 512 sola
928 471 993 512 non
1012 452 1105 528 longe
1122 465 1161 512 Its
1171 467 1279 512 onmem

151 545 211 606 sub
229 548 321 606 terris
341 549 379 608 ad
401 549 555 608 orientem
572 549 711 610 boreales
732 568 788 626 per
807 550 915 626 plagas
935 549 1105 621 redeunte3

152 646 236 706 unde
257 647 352 706 etiam
373 647 528 723 plurimae
548 648 758 726 longitudinis
778 648 871 708 habet
893 648 958 709 dies
979 639 1103 720 aestate,

152 744 233 804 sicut
258 748 290 804 et
310 747 418 805 noctes
440 749 549 806 contra
571 747 604 806 in
626 747 745 821 bruma,
769 747 835 806 sole
856 747 1008 806 nimirum
1029 751 1106 806 tunc

152 841 287 920 Lybicas
300 844 335 903 in
348 847 453 921 partes
466 846 637 921 secedente,
652 846 684 906 id
698 849 746 905 est
759 846 908 905 horarum
923 846 954 905 X
967 846 1106 919 ctVIII;

152 942 307 1019 plurimae
325 942 402 1002 item
418 943 584 1004 breuitatis
603 948 710 1004 noctes
725 947 850 1018 aestate,
870 955 902 1003 et
923 944 990 1004 dies
1012 945 1107 1005 habet

152 1041 187 1100 in
201 1041 322 1116 bruma,
339 1042 397 1102 hoc
411 1045 460 1102 est
480 1062 535 1102 aex
549 1043 746 1103 solummodo
764 1043 1038 1118 aequinoctialium
1055 1044 1107 1103 ho

152 1159 282 1214 rarum;
303 1161 375 1200 cum
390 1140 423 1200 in
439 1141 599 1216 Armenia,
617 1140 804 1215 Macedonia,
823 1141 924 1216 Italia,
936 1128 1122 1218 ceterisque¹

150 1239 293 1299 eiusdem
303 1239 406 1300 lineae
413 1239 592 1316 regionibus
601 1240 783 1317 longissima
791 1237 874 1300 dias¹
886 1241 1024 1300 sinenox
1034 1242 1103 1307 XV.

151 1338 337 1398 breuissima
350 1338 455 1399 VIIII
470 1339 612 1415 conpleat
625 1339 726 1399 horas.

194 1437 282 1498 Haec
296 1437 330 1496 in
344 1438 508 1514 praesenti,
525 1438 613 1497 iuxta
629 1457 798 1497 numerum
811 1437 972 1513 librorum,
991 1437 1105 1515 quibus
1121 1453 1181 1498 Iove

65 1547 74 1591 ἱ
109 1561 134 1590 a
153 1538 206 1598 lex
220 1537 330 1596 diuina
341 1537 455 1614 scripta
468 1540 523 1611 est,
545 1534 550 1614 l
568 1536 706 1613 quinque
716 1536 860 1612 gentium
869 1535 994 1614 linguis,
1009 1557 1104 1597 unam
1121 1514 1256 1616 m

151 1637 347 1714 eandemque
374 1656 514 1698 summae
541 1635 682 1696 ueritatis
715 1638 747 1695 et
781 1654 872 1694 uerae
901 1635 1106 1696 sublimitatis
1122 1631 1228 1676 3¹³²&st

151 1736 316 1796 scientiam
332 1735 512 1809 scmtatnr',
530 1739 562 1795 et
575 1734 748 1808 confitetur,
760 1733 938 1809 Anglorum
949 1734 1102 1803 uidelicet,

153 1835 374 1910 Brettonum³,
392 1835 578 1910 Scottorum,
596 1833 756 1893 Pictorum
771 1836 803 1892 et
817 1832 1009 1906 Latinorum,
1028 1854 1106 1909 quae

150 1933 357 1994 meditatione
383 1933 607 2011 seripturarum
635 1933 745 1992 ceteris
778 1933 925 1993 omnibus
952 1935 1000 1991 est
1026 1933 1107 1992 facta

149 2033 339 2094 communis

195 2131 237 2190 In
264 2131 374 2208 primis
400 2133 506 2191 autem
533 2131 608 2192 haec
631 2130 735 2191 insula
756 2131 923 2190 Brettones
946 2130 1058 2206 solum,
1088 2151 1107 2190 a
1122 2151 1174 2196 Tho

151 2230 268 2308 quibus
286 2231 427 2324 nomen2
441 2231 565 2307 accepit,
587 2230 704 2290 incolas
724 2230 853 2304 habuit;
875 2229 929 2305 qui
947 2231 987 2290 de
1004 2233 1105 2290 tractu
1123 2211 1232 2256 Bm*

152 2329 386 2403 Annorieanol,
413 2331 449 2388 ut
469 2330 577 2404 fertur,
598 2328 785 2389 Brittaniam
805 2328 934 2403 aduecti,
956 2330 1107 2389 australes

151 2427 214 2487 sibi
227 2431 331 2504 partas
344 2427 430 2488 illius
444 2426 650 2488 uindicarunt.

185 2526 236 2586 nt
264 2546 336 2586 eum
364 2526 532 2604 plurimam
556 2526 675 2586 insulae
698 2529 828 2602 partem,
856 2525 1041 2603 incipientes
1068 2527 1107 2586 ab
1123 2537 1258 2582 manieti.

150 2627 281 2698 Austro,
312 2625 532 2701 possedissent,
562 2625 692 2702 contigit
720 2628 849 2702 gentem
876 2625 1040 2684 Pictorum
1069 2626 1107 2684 de

150 2723 290 2800 Scythia,
326 2726 361 2783 ut
387 2723 560 2801 perhibent,
591 2721 694 2801 longis
728 2723 863 2783 mnibus
897 2744 962 2783 non
996 2724 1107 2784 multis

150 2823 313 2882 Oceanum
348 2822 528 2900 ingressam,
560 2822 790 2900 circumagente
817 2822 894 2882 flatu
926 2825 1104 2896 uentorum,

149 2925 250 2998 extra,
264 2921 344 2981 fines
368 2941 478 2980 omnes
502 2920 675 2981 Brittaniae
700 2920 888 2980 Hiberniam
915 2921 1104 2997 peruenisse,

149 3019 281 3096 eiusque
295 3019 552 3096 septentrionales
566 3039 634 3078 oras
653 3021 796 3094 intrasse,
812 3022 905 3096 atquo
919 3021 1049 3079 inuenta
1063 3020 1108 3079 ibi

149 3122 246 3195 gente
265 3109 452 3192 Scottorum,
475 3118 535 3178 sibi
557 3137 680 3195 quoque
700 3118 735 3178 in
755 3119 896 3195 partibus
914 3118 1002 3178 illius
1020 3118 1108 3178 sedes

150 3217 278 3294 petisse,
302 3236 358 3276 nec
378 3217 534 3294 inpetrare
554 3218 702 3293 potuisse.
747 3217 807 3277 Est
827 3220 932 3276 autem
953 3217 1109 3276 Hibernia

149 3315 257 3376 insula
270 3315 414 3375 omnium
423 3319 493 3394 post
503 3315 694 3376 Brittaniam
703 3316 849 3388 maxima,
863 3315 901 3374 ad
915 3314 1107 3375 occidentem

148 3413 281 3492 quidem
297 3414 471 3474 Brittaniae
485 3414 562 3488 sita;
580 3415 634 3474 sed
646 3413 728 3474 sicut
741 3417 851 3474 contra
863 3414 1056 3490 Aquilonem
1071 3433 1108 3472 aa

147 3515 285 3588 breuior,
303 3513 348 3572 ita
362 3513 396 3572 in
410 3513 572 3574 meridiem
587 3533 620 3572 se
633 3515 721 3573 trans
735 3513 818 3572 illius
836 3512 917 3572 fines
932 3511 1105 3589 plurimum

146 3613 351 3692 protendens,
382 3611 484 3689 usque'
506 3617 614 3672 contra
642 3611 814 3688 Hispaniae
840 3609 1102 3688 septentrionalia,

145 3713 297 3790 quamuis
320 3731 434 3789 magno
458 3731 590 3788 aequore
614 3712 816 3771 interiacente
843 3710 995 3786 peruenit.
1053 3709 1105 3770 Ad

184 3860 364 3910 ¹diesomM¹.
448 3861 608 3910 'scrutetur
619 3860 654 3910 ld.
750 3859 895 3921 ’brit-N,
912 3861 1105 3916 encaeniata.

148 3931 159 3956 ⁰
177 3945 204 3990 et
217 3953 316 3988 noman
327 3939 359 3988 N.
436 3941 446 3970 ⁶
462 3940 636 3990 armonieano
649 3939 685 3989 n.
698 3939 744 4000 H,
757 3939 797 3998 02.
