2859 4334
139 263 293 329 comm]
440 255 557 323 (isatis
577 257 784 343 duplorum.
1016 230 1088 325 ’323

138 428 327 490 salutaribus
347 430 446 491 iussit
492 431 590 492 Uenit
607 430 697 510 ergo¹
712 434 751 494 ad
766 434 898 494 insulam
916 434 1090 509 Ia‘odissor·
1107 448 1240 496 neonus

138 546 274 603 anensem,
292 529 398 607 ibique
412 530 637 591 monachorum
656 532 822 593 famulatui
839 552 872 591 se
891 533 1086 608 contradens,
1107 508 1204 615 ffi*

140 626 307 705 diligenter
332 648 375 701 ea,
403 649 481 706 quae
509 630 698 691 monasticae
725 631 876 691 eastitatis
902 650 937 691 ac
964 631 1089 707 pietatis

139 730 237 799 erant,
254 730 286 788 et
303 727 420 787 discere
437 728 565 789 curabat
582 732 614 789 et
632 748 729 805 agere
774 730 817 789 Rt
834 729 907 807 quia
926 730 1005 789 acris
1023 732 1089 790 erat

139 823 268 900 ingenii,
294 826 396 887 didicit
417 826 568 887 citissime
590 830 733 903 psalmos,
758 834 787 889 ct
807 828 926 904 aliquot
949 828 1089 901 codices;

140 922 276 984 necdum
301 924 428 1001 quidem
456 925 613 1001 adtonsus,
645 946 756 986 uerum
784 926 837 1000 eis,
860 945 940 1003 quas
961 928 1089 987 tonsura

24 1048 86 1091 usa
139 1020 273 1083 maiores
286 1022 395 1101 cunti
413 1024 592 1099 uirtutibus,
609 1024 799 1085 humilitatis
817 1029 848 1085 et
867 1023 1085 1099 oboedientiae,

139 1139 206 1179 non
224 1121 421 1181 mediocriter
440 1123 628 1201 insignitus3
649 1124 872 1201 propterquod
887 1126 919 1183 et
936 1143 955 1183 a
972 1125 1090 1183 scabri

18 1227 116 1274 ssoaat
139 1218 194 1280 bus
214 1224 241 1280 et
260 1224 421 1281 coaetaneis
440 1222 505 1282 suis
524 1222 607 1281 iusto
628 1221 786 1281 colebatur
805 1223 926 1282 affectu.
972 1222 1014 1280 In
1028 1241 1090 1298 quo

18 1318 89 1401 idion
139 1317 284 1379 uidelicet
307 1320 495 1380 monasterio
519 1340 591 1380 eum
615 1319 734 1397 aliquot
755 1340 849 1381 canos
869 1322 931 1381 Deo
954 1322 1086 1396 sarciret,

20 1418 37 1457 ³·
137 1416 360 1478 animaduertit
369 1418 707 1495 paulatimadulescens
716 1419 815 1479 animi
823 1419 949 1497 sagacis,
957 1418 1089 1478 minime

137 1514 308 1591 perfectam
323 1536 390 1577 esse
404 1516 533 1578 uirtutis
546 1516 640 1591 uiam,
653 1536 732 1593 quae
745 1517 924 1578 tradebatur
933 1537 951 1577 a
961 1518 1085 1591 Scottis,

136 1616 362 1694 proposuitque
382 1616 487 1678 animo
509 1622 617 1681 uenire
636 1622 778 1693 Romam,
803 1621 835 1678 et
855 1618 910 1695 qui
930 1617 969 1677 ad
994 1619 1089 1678 sedem
1106 1632 1220 1681 aenerves
1235 1636 1262 1676 a>

137 1714 340 1790 amanam
362 1715 443 1776 ritus
467 1717 663 1779 uelamen
685 1719 752 1779 siue
776 1715 1009 1777 menatenses
1030 1735 1090 1774 aa.
1106 1692 1259 1747 ΜΒΝ·

138 1816 296 1887 narentur,
314 1814 426 1876 uidere.
469 1817 558 1892 Quod
573 1816 811 1877 cumfratribus
829 1814 966 1887 referret,
983 1813 1089 1873 lauda-

137 1914 253 1971 uerunt
287 1913 355 1973 eius
386 1916 589 1992 propositum,
621 1935 756 1994 eumque
788 1914 829 1989 id,
865 1912 949 1991 quod
982 1914 1089 1971 mente

137 2008 340 2087 disposuerat,
370 2014 517 2089 perlicere
545 2015 725 2075 suadebant
770 2015 815 2074 At
842 2012 896 2072 illc
924 2009 1090 2071 confestim

137 2108 271 2168 ueniens
294 2111 333 2170 ad
358 2115 493 2188 recinam
520 2115 710 2187 Eanfledam,
743 2112 817 2189 quia
840 2113 935 2171 notus
959 2110 1025 2168 erat
1048 2108 1086 2184 ei,

136 2206 266 2283 eiusque
280 2210 409 2269 oonsilio
422 2230 457 2271 ac
470 2211 625 2290 suffragiis
639 2210 885 2289 praefatofuerat
899 2207 1088 2268 monasterio

136 2306 278 2379 sociatus,
296 2307 445 2369 indicauit
465 2310 494 2369 ei
512 2310 700 2370 desiderium
721 2309 783 2369 sibi
802 2309 904 2368 inesse
924 2307 1087 2367 beatorum

135 2404 350 2480 apostolorum
377 2406 489 2467 limina
516 2408 684 2483 uisitandi;
722 2427 800 2485 quac
828 2405 978 2467 delectata
1005 2405 1088 2464 bono

135 2502 346 2564 adulescentis
372 2506 538 2583 proposito,
570 2510 650 2567 misit
672 2526 746 2566 curn
768 2503 911 2565 Cantiam
934 2505 975 2563 ad
995 2521 1088 2578 repent

134 2603 391 2677 Erconbnctuw,
409 2604 463 2681 qui
478 2608 543 2664 erat
557 2604 642 2665 filius
656 2604 826 2665 auunculi³
839 2603 896 2677 sui,
913 2602 1084 2680 postulans,

134 2706 171 2763 ut
185 2722 260 2762 eum
274 2704 433 2777 honorifice
446 2704 580 2763 Romam
593 2704 828 2764 transmitteret.
867 2702 934 2777 Quo
948 2705 1089 2777 tempore
1105 2713 1260 2771 Sojoumain

134 2801 182 2861 ibi
206 2802 338 2877 gradum
361 2801 646 2880 archiepiscopatus
666 2802 837 2876 Honorius,
861 2820 945 2861 unus
965 2820 1004 2859 ex
1024 2798 1087 2859 dis·
1105 2775 1181 2830 nent,

133 2899 249 2976 cipulis
268 2900 349 2959 beati
362 2920 458 2979 papae
473 2900 622 2977 Gregorii,
639 2900 690 2959 uir
708 2898 743 2959 in
764 2899 858 2959 rebus
874 2897 1088 2958 ecclesiasticis

133 2997 315 3058 sublimiter
341 2998 507 3059 institutus
534 2998 684 3059 seruabat
730 2998 794 3059 Ubi
815 3017 887 3057 cum
907 2996 1088 3074 aliquandiu

133 3096 315 3156 demoratus
344 3097 526 3156 adulescens
558 3095 657 3156 animi
684 3095 804 3155 uiuacis
831 3095 998 3172 diligenter
1024 3093 1084 3167 his,

131 3198 235 3271 quae⁴
257 3194 446 3271 inspiciebat,
471 3195 624 3255 discendis
645 3213 770 3271 operam
791 3194 885 3267 daret,
908 3191 1088 3270 superuenit

132 3292 190 3354 illo
225 3292 306 3353 alius
334 3293 522 3368 adulescens,
560 3294 690 3354 nomine
721 3293 843 3369 Bisoop‚
880 3295 1087 3369 cognomento

132 3390 337 3465 Benedictus,
366 3392 405 3451 de
427 3392 580 3452 nobilibus
601 3392 788 3470 Anglorum,
814 3391 943 3467 cupiens
967 3394 1000 3451 et
1020 3390 1087 3468 ipse

132 3492 270 3551 Romam
285 3489 412 3564 uenire;
433 3490 521 3551 cuius
535 3510 628 3568 supra
641 3489 856 3551 meminimus.

176 3587 284 3648 Huius
298 3608 372 3665 ergo
386 3588 548 3649 comitatui
569 3608 624 3648 rex
645 3588 777 3648 sociauit
791 3586 973 3661 Uiliridum,
990 3588 1086 3664 utque
1105 3600 1156 3645 and
1166 3603 1193 3645 at

133 3686 229 3747 illurn
257 3704 364 3747 aecum
393 3687 525 3747 Romam
552 3686 741 3764 perduceret,
771 3686 871 3747 iussit.
926 3686 988 3762 Qui
1014 3705 1087 3747 cum
1105 3660 1195 3714 ΒΜ*

168 3922 177 3952 ¹
195 3924 270 3973 enim
281 3922 309 3972 G.
378 3920 388 3949 ²
404 3923 556 3973 -bsrohtum
568 3922 598 3972 (l.
662 3920 672 3951 ³
689 3922 819 3973 abuncoli
830 3921 872 3972 (2¹.
936 3922 947 3953 ⁴
963 3922 1012 3985 qui
1023 3922 1061 3974 ll.

582 4025 605 4067 Y
621 4026 636 4067 2
