2859 4334
136 242 198 290 cn.
210 236 269 302 uu]
441 228 556 296 Gentio
577 230 784 316 Aoplorwm.
1023 230 1089 294 285

524 483 616 545 GAP.
640 483 704 546 ΠΙ,

348 635 376 678 or
383 633 486 690 penam
495 635 642 692 ammom
653 637 738 682 oroneo
749 637 879 682 unam.

178 782 352 843 Ninnium
366 783 448 844 idem
464 784 645 846 Berothun¹
661 789 692 847 et
707 785 792 846 aliud
807 786 846 846 de
858 785 995 862 praefato
1008 784 1086 846 anti·
1104 793 1214 863 mnne»-

135 881 209 942 etite
223 881 431 944 miraculum:
453 884 526 960 quia
535 903 607 944 cum
622 884 897 945 reuerentissimus
910 883 960 944 uir
970 883 1087 944 Uilfrid
1104 855 1224 967 ffi*

135 983 208 1060 poet
228 981 359 1058 longum
380 982 510 1043 exilium
534 982 569 1044 in
589 983 800 1061 episcopatum
821 986 903 1043 eeeet
924 981 1087 1060 Hagustal·

135 1080 243 1140 densis
264 1079 409 1142 ecclesiae
429 1084 579 1159 receptus,
597 1085 628 1143 et
650 1083 734 1143 idem
754 1082 921 1156 Iohannes,
942 1083 1088 1141 defuncto

135 1179 220 1239 Bosa
236 1179 303 1239 uiro
324 1180 442 1240 multae
463 1180 637 1242 sanctitatis
657 1184 689 1241 et
708 1180 906 1255 humilitatis,
926 1181 1088 1258 epiecopus

135 1297 193 1355 pro
213 1297 249 1338 eo
269 1279 399 1338 Eboraci
417 1279 613 1352 substitutus,
632 1280 756 1340 uenerit
775 1278 841 1356 ipee
858 1283 999 1356 tempore
1013 1298 1087 1355 quo·

136 1377 209 1438 dam
229 1377 268 1438 ad
292 1377 517 1442 monasterium
538 1378 700 1457 uirginum
721 1378 756 1438 in
777 1378 853 1452 loco,
885 1377 939 1455 qui
961 1382 1088 1438 uocatur

136 1475 292 1548 Uetadun‚
331 1475 382 1536 cui
417 1479 494 1538 tuno
535 1477 715 1554 Heriburg²
750 1476 907 1537 abbatissa
939 1475 1082 1554 praefuit

139 1575 223 1636 ‘Ubi
252 1595 323 1634 cum
354 1575 571 1650 ueniseemus,’
595 1575 708 1653 inquit,
737 1577 788 1635 ‘et
819 1595 933 1652 magno
963 1574 1086 1635 uniuer-

135 1693 244 1734 sorum
262 1673 373 1750 gaudio
394 1674 529 1751 suscepti
550 1693 697 1750 essemus,
715 1673 868 1734 indicauit
886 1673 977 1734 nobie
996 1673 1086 1733 abba·

136 1773 221 1846 tissa,
244 1771 316 1849 quia
336 1772 488 1850 quaedam
511 1773 549 1832 de
572 1792 705 1834 numero
728 1774 897 1851 uirginum,
922 1792 999 1850 quae
1020 1774 1086 1832 erat

136 1871 202 1932 filia
230 1870 328 1950 ipsius
360 1870 500 1944 carnalis,
530 1871 715 1949 grauissimo
750 1871 878 1949 langore
906 1873 1083 1944 teneretur;

136 1969 209 2048 quia
229 1969 429 2030 flebotomata
449 1972 497 2028 eet
516 1989 617 2046 nuper
631 1969 666 2029 in
683 1969 816 2046 brachio,
836 1973 869 2030 et
889 1969 983 2030 cum³
1003 1973 1084 2030 esset

135 2068 169 2128 in
192 2067 302 2142 studio,
327 2071 408 2128 tacta
427 2070 474 2128 eet
496 2068 680 2130 infirmitate
702 2069 860 2146 repentini
881 2067 1004 2142 doloris,
1022 2088 1084 2144 quo

133 2184 208 2226 mox
230 2166 427 2242 increscente,
451 2167 552 2245 magis
568 2171 732 2244 grauatum
751 2171 801 2228 eet
820 2167 982 2228 brachium
1003 2166 1083 2225 illud

133 2265 343 2340 uulneratum,
374 2285 409 2325 ac
443 2286 570 2326 nereum
599 2266 633 2326 in
665 2269 821 2326 tumorem
848 2266 933 2340 adeo,
965 2269 1001 2324 ut
1029 2265 1083 2324 uix

132 2363 255 2424 duabus
279 2363 424 2424 manibus
452 2365 663 2442 circumplecti
684 2367 797 2442 posset
825 2364 953 2442 ipseque
980 2364 1084 2424 iacens

131 2463 165 2522 in
182 2462 262 2522 lecto
275 2483 349 2539 prae
363 2463 523 2524 nimietate
538 2465 653 2525 doloris
667 2465 730 2525 iam
744 2464 898 2524 moritura
913 2463 1079 2523 uideretur.

132 2561 267 2638 Rogauit
281 2581 353 2638 ergo
367 2561 547 2638 episcopum
563 2562 726 2637 abbatissa,
746 2565 783 2623 ut
796 2560 934 2624 intrare⁴
948 2563 987 2622 ad
1001 2581 1080 2636 eam,

129 2679 165 2720 ac
186 2660 369 2719 benedicere
390 2659 477 2722 illam
494 2660 681 2737 dignaretur,
703 2661 777 2739 quia
797 2661 935 2721 crederet
956 2680 1026 2720 eam
1043 2661 1082 2720 ad

130 2757 381 2818 benedictionem
392 2759 444 2818 uel
455 2761 572 2824 tactum
584 2759 670 2820 illiue
680 2780 755 2820 mox
766 2759 881 2821 melius
891 2753 1079 2820 habituram.

130 2857 333 2933 interrogans
367 2859 472 2917 autem
499 2857 562 2932 ille,
594 2859 719 2935 quando
751 2856 968 2918 flebotomata⁶
1001 2862 1083 2917 esset

130 2955 243 3032 puella,
274 2957 305 3014 et
332 2957 368 3015 ut
396 2955 549 3032 cognouit,
576 2957 649 3034 quia
679 2959 714 3016 in
739 2957 814 3017 luna
838 2961 955 3034 quarta,
983 2956 1081 3017 dixit:

133 3053 289 3114 ‘Multum
309 3054 494 3130 insipienter
512 3057 543 3115 et
562 3055 687 3117 indocte
708 3054 825 3116 fecistis
846 3056 881 3115 in
898 3056 975 3115 luna
991 3055 1083 3115 ΙΙΙΙ11

129 3153 369 3213 flebotomando.
414 3153 544 3213 Memini
565 3153 650 3214 enim
671 3154 779 3214 beatae
799 3155 966 3214 memoriae
987 3154 1081 3214 Theo·

129 3252 242 3312 dorum
261 3251 525 3328 archiepiscopum
543 3251 652 3328 dicere,
670 3252 743 3329 quin
762 3252 934 3328 periculosa
952 3252 994 3312 eit
1007 3253 1083 3312 satie

129 3349 217 3410 illiue
235 3350 384 3426 temporie
401 3349 587 3422 flebotomiae,
610 3350 735 3427 quando
755 3354 787 3411 et
803 3351 912 3410 lumen
930 3351 1031 3424 lunae,
1049 3356 1083 3412 et

128 3467 239 3508 reuma
260 3448 366 3508 oceani
387 3447 421 3508 in
442 3450 598 3509 cremento
619 3452 674 3510 est
719 3449 762 3509 Et
782 3448 858 3525 quid
877 3469 933 3526 ego
954 3469 1082 3526 poeeum

128 3546 260 3623 puellae,
281 3546 309 3606 ei
330 3546 480 3606 moritura
500 3550 555 3622 eet,
580 3547 722 3608 facere?’
763 3548 809 3607 At
832 3547 889 3606 illa
912 3546 1083 3608 instantius

128 3645 292 3706 obsecrans
319 3664 375 3722 pro
402 3644 473 3720 filia,
502 3665 596 3722 quam
626 3645 739 3723 oppido
767 3644 925 3723 diligebat,
947 3665 1021 3705 nam
1049 3652 1082 3708 et

163 3800 322 3851 ²berht·0.
400 3797 501 3850 'here-
513 3801 542 3850 B.
557 3801 584 3850 Ο.
598 3801 630 3850 Ν.
699 3799 927 3852 ’cumadhucst
1003 3802 1081 3852 ⁶-ret

130 3879 221 3931 ΜΡ.
297 3879 480 3928 ⁵-tcmataid
