<?xml version="1.0" encoding="UTF-8"?>
<!DOCTYPE html PUBLIC "-//W3C//DTD XHTML 1.0 Transitional//EN"
    "http://www.w3.org/TR/xhtml1/DTD/xhtml1-transitional.dtd">
<html xmlns="http://www.w3.org/1999/xhtml" xml:lang="en" lang="en">
 <head>
  <title>
</title>
<meta http-equiv="Content-Type" content="text/html;charset=utf-8" />
  <meta name='ocr-system' content='tesseract 3.04.00' />
  <meta name='ocr-capabilities' content='ocr_page ocr_carea ocr_par ocr_line ocrx_word'/>
</head>
<body>
  <div class='ocr_page' id='page_1' title='image "./venerabilisbaed03plumgoog_0563.png"; bbox 0 0 2859 4334; ppageno 0'>
   <div class='ocr_carea' id='block_1_1' title="bbox 481 246 1100 314">
    <p class='ocr_par' dir='ltr' id='par_1_1' title="bbox 481 246 1100 314">
     <span class='ocr_line' id='line_1_1' title="bbox 481 246 1100 314; baseline 0.003 -2"><span class='ocrx_word' id='word_1_1' title='bbox 481 252 616 314; x_wconf 81' lang='lat' dir='ltr'><strong>auctore</strong></span> <span class='ocrx_word' id='word_1_2' title='bbox 633 246 760 313; x_wconf 61' lang='lat' dir='ltr'><strong>Buedoss</strong></span> <span class='ocrx_word' id='word_1_3' title='bbox 1032 251 1100 314; x_wconf 78' lang='lat'><strong>871·</strong></span> 
     </span>
    </p>
   </div>
   <div class='ocr_carea' id='block_1_2' title="bbox 25 418 1248 3171">
    <p class='ocr_par' dir='ltr' id='par_1_2' title="bbox 145 418 1100 797">
     <span class='ocr_line' id='line_1_2' title="bbox 147 418 1099 498; baseline 0.001 -17"><span class='ocrx_word' id='word_1_4' title='bbox 147 424 267 498; x_wconf 86' lang='lat' dir='ltr'><strong>poterat</strong></span> <span class='ocrx_word' id='word_1_5' title='bbox 287 421 433 497; x_wconf 88' lang='lat' dir='ltr'><strong>laborem,</strong></span> <span class='ocrx_word' id='word_1_6' title='bbox 455 422 539 483; x_wconf 80' lang='lat' dir='ltr'><strong>socia</strong></span> <span class='ocrx_word' id='word_1_7' title='bbox 558 418 773 482; x_wconf 88' lang='lat' dir='ltr'><strong>dilectissimi¹</strong></span> <span class='ocrx_word' id='word_1_8' title='bbox 789 419 1015 481; x_wconf 75' lang='lat' dir='ltr'><strong>commilitonis</strong></span> <span class='ocrx_word' id='word_1_9' title='bbox 1036 422 1099 483; x_wconf 87' lang='lat' dir='ltr'><strong>uir-</strong></span> 
     </span>
     <span class='ocr_line' id='line_1_3' title="bbox 146 519 1100 597; baseline 0.002 -18"><span class='ocrx_word' id='word_1_10' title='bbox 146 522 215 580; x_wconf 86' lang='lat' dir='ltr'><strong>tute</strong></span> <span class='ocrx_word' id='word_1_11' title='bbox 233 519 336 581; x_wconf 90' lang='lat' dir='ltr'><strong>leuius</strong></span> <span class='ocrx_word' id='word_1_12' title='bbox 349 522 450 582; x_wconf 82' lang='lat' dir='ltr'><strong>ferret</strong></span> <span class='ocrx_word' id='word_1_13' title='bbox 495 522 561 581; x_wconf 84' lang='lat' dir='ltr'><strong>Nec</strong></span> <span class='ocrx_word' id='word_1_14' title='bbox 580 522 620 582; x_wconf 91' lang='lat' dir='ltr'><strong>ab</strong></span> <span class='ocrx_word' id='word_1_15' title='bbox 640 540 673 581; x_wconf 90' lang='lat' dir='ltr'><strong>re</strong></span> <span class='ocrx_word' id='word_1_16' title='bbox 693 520 839 581; x_wconf 91' lang='lat' dir='ltr'><strong>uideatur</strong></span> <span class='ocrx_word' id='word_1_17' title='bbox 858 520 1004 597; x_wconf 77' lang='lat' dir='ltr'><strong>cuiquam</strong></span> <span class='ocrx_word' id='word_1_18' title='bbox 1026 522 1100 581; x_wconf 79' lang='lat' dir='ltr'><strong>duos</strong></span> 
     </span>
     <span class='ocr_line' id='line_1_4' title="bbox 145 617 1098 681; baseline 0.002 -4"><span class='ocrx_word' id='word_1_19' title='bbox 145 636 240 679; x_wconf 78' lang='lat' dir='ltr'><strong>unum</strong></span> <span class='ocrx_word' id='word_1_20' title='bbox 257 622 465 681; x_wconf 67' lang='lat' dir='ltr'><strong>monosterttuo</strong></span> <span class='ocrx_word' id='word_1_21' title='bbox 481 620 578 680; x_wconf 89' lang='lat' dir='ltr'><strong>simul</strong></span> <span class='ocrx_word' id='word_1_22' title='bbox 594 617 735 680; x_wconf 78' lang='lat' dir='ltr'><strong>tabuisse</strong></span> <span class='ocrx_word' id='word_1_23' title='bbox 752 618 887 678; x_wconf 78' lang='lat' dir='ltr'><strong>abbates</strong></span> <span class='ocrx_word' id='word_1_24' title='bbox 933 618 1018 679; x_wconf 83' lang='lat' dir='ltr'><strong>Fecit</strong></span> <span class='ocrx_word' id='word_1_25' title='bbox 1038 619 1098 679; x_wconf 93' lang='lat' dir='ltr'><strong>hoo</strong></span> 
     </span>
     <span class='ocr_line' id='line_1_5' title="bbox 146 718 1099 797; baseline 0 -18"><span class='ocrx_word' id='word_1_26' title='bbox 146 718 294 795; x_wconf 78' lang='lat' dir='ltr'><strong>frequens</strong></span> <span class='ocrx_word' id='word_1_27' title='bbox 309 718 396 780; x_wconf 88' lang='lat' dir='ltr'><strong>illius</strong></span> <span class='ocrx_word' id='word_1_28' title='bbox 409 739 463 797; x_wconf 89' lang='lat' dir='ltr'><strong>pro</strong></span> <span class='ocrx_word' id='word_1_29' title='bbox 476 723 646 781; x_wconf 60' lang='lat' dir='ltr'><strong>monosemi</strong></span> <span class='ocrx_word' id='word_1_30' title='bbox 662 720 798 780; x_wconf 89' lang='lat' dir='ltr'><strong>utilitate</strong></span> <span class='ocrx_word' id='word_1_31' title='bbox 811 719 969 797; x_wconf 83' lang='lat' dir='ltr'><strong>profectio,</strong></span> <span class='ocrx_word' id='word_1_32' title='bbox 991 720 1099 779; x_wconf 88' lang='lat' dir='ltr'><strong>creber</strong></span> 
     </span>
    </p>

    <p class='ocr_par' dir='ltr' id='par_1_3' title="bbox 25 818 1098 1589">
     <span class='ocr_line' id='line_1_6' title="bbox 25 818 1098 897; baseline 0 -19"><span class='ocrx_word' id='word_1_33' title='bbox 25 835 55 865; x_wconf 86' lang='lat'><strong>·¹¹</strong></span> <span class='ocrx_word' id='word_1_34' title='bbox 82 855 87 867; x_wconf 88' lang='lat'>-</span> <span class='ocrx_word' id='word_1_35' title='bbox 146 820 234 878; x_wconf 87' lang='lat' dir='ltr'><strong>trans</strong></span> <span class='ocrx_word' id='word_1_36' title='bbox 252 819 256 895; x_wconf 76' lang='lat' dir='ltr'><strong>l</strong></span> <span class='ocrx_word' id='word_1_37' title='bbox 275 837 425 879; x_wconf 82' lang='lat' dir='ltr'><strong>oceanum</strong></span> <span class='ocrx_word' id='word_1_38' title='bbox 439 838 596 897; x_wconf 80' lang='lat' dir='ltr'><strong>segressus</strong></span> <span class='ocrx_word' id='word_1_39' title='bbox 605 819 803 897; x_wconf 79' lang='lat' dir='ltr'><strong>incertusque</strong></span> <span class='ocrx_word' id='word_1_40' title='bbox 812 838 977 896; x_wconf 79' lang='lat' dir='ltr'><strong>regressus</strong></span> <span class='ocrx_word' id='word_1_41' title='bbox 1014 818 1098 878; x_wconf 87' lang='lat' dir='ltr'><strong>Nam</strong></span> 
     </span>
     <span class='ocr_line' id='line_1_7' title="bbox 146 916 1098 995; baseline -0.001 -19"><span class='ocrx_word' id='word_1_42' title='bbox 146 920 177 977; x_wconf 92' lang='lat' dir='ltr'><strong>et</strong></span> <span class='ocrx_word' id='word_1_43' title='bbox 198 917 416 981; x_wconf 86' lang='lat' dir='ltr'><strong>beatissimum</strong></span> <span class='ocrx_word' id='word_1_44' title='bbox 440 919 572 979; x_wconf 90' lang='lat' dir='ltr'><strong>Petrum</strong></span> <span class='ocrx_word' id='word_1_45' title='bbox 593 918 770 995; x_wconf 85' lang='lat' dir='ltr'><strong>apostolum</strong></span> <span class='ocrx_word' id='word_1_46' title='bbox 791 918 910 977; x_wconf 88' lang='lat' dir='ltr'><strong>Romae</strong></span> <span class='ocrx_word' id='word_1_47' title='bbox 935 916 1098 993; x_wconf 86' lang='lat' dir='ltr'><strong>pontifices</strong></span> 
     </span>
     <span class='ocr_line' id='line_1_8' title="bbox 145 1015 1097 1094; baseline 0.001 -20"><span class='ocrx_word' id='word_1_48' title='bbox 145 1015 204 1075; x_wconf 89' lang='lat' dir='ltr'><strong>sub</strong></span> <span class='ocrx_word' id='word_1_49' title='bbox 219 1035 252 1075; x_wconf 90' lang='lat' dir='ltr'><strong>se</strong></span> <span class='ocrx_word' id='word_1_50' title='bbox 266 1016 344 1077; x_wconf 89' lang='lat' dir='ltr'><strong>duos</strong></span> <span class='ocrx_word' id='word_1_51' title='bbox 360 1036 416 1094; x_wconf 90' lang='lat' dir='ltr'><strong>per</strong></span> <span class='ocrx_word' id='word_1_52' title='bbox 433 1018 574 1078; x_wconf 84' lang='lat' dir='ltr'><strong>ordinem</strong></span> <span class='ocrx_word' id='word_1_53' title='bbox 593 1017 632 1077; x_wconf 89' lang='lat' dir='ltr'><strong>ad</strong></span> <span class='ocrx_word' id='word_1_54' title='bbox 651 1016 821 1094; x_wconf 90' lang='lat' dir='ltr'><strong>regendam</strong></span> <span class='ocrx_word' id='word_1_55' title='bbox 834 1015 1013 1075; x_wconf 85' lang='lat' dir='ltr'><strong>aecclesiam</strong></span> <span class='ocrx_word' id='word_1_56' title='bbox 1028 1035 1097 1076; x_wconf 89' lang='lat' dir='ltr'><strong>con·</strong></span> 
     </span>
     <span class='ocr_line' id='line_1_9' title="bbox 144 1113 1093 1189; baseline 0.001 -15"><span class='ocrx_word' id='word_1_57' title='bbox 144 1114 292 1189; x_wconf 88' lang='lat' dir='ltr'><strong>stituisse,</strong></span> <span class='ocrx_word' id='word_1_58' title='bbox 316 1134 406 1177; x_wconf 87' lang='lat' dir='ltr'><strong>causa</strong></span> <span class='ocrx_word' id='word_1_59' title='bbox 427 1116 565 1177; x_wconf 74' lang='lat' dir='ltr'><strong>instante</strong></span> <span class='ocrx_word' id='word_1_60' title='bbox 587 1116 766 1186; x_wconf 86' lang='lat' dir='ltr'><strong>necessaria,</strong></span> <span class='ocrx_word' id='word_1_61' title='bbox 790 1116 920 1175; x_wconf 89' lang='lat' dir='ltr'><strong>tradunt</strong></span> <span class='ocrx_word' id='word_1_62' title='bbox 939 1113 1093 1175; x_wconf 79' lang='lat' dir='ltr'><strong>historiae</strong></span> 
     </span>
     <span class='ocr_line' id='line_1_10' title="bbox 145 1212 1098 1293; baseline -0.003 -20"><span class='ocrx_word' id='word_1_63' title='bbox 145 1213 187 1273; x_wconf 81' lang='lat' dir='ltr'><strong>Et</strong></span> <span class='ocrx_word' id='word_1_64' title='bbox 200 1214 266 1291; x_wconf 88' lang='lat' dir='ltr'><strong>ipse</strong></span> <span class='ocrx_word' id='word_1_65' title='bbox 281 1234 415 1293; x_wconf 89' lang='lat' dir='ltr'><strong>magnus</strong></span> <span class='ocrx_word' id='word_1_66' title='bbox 432 1216 527 1276; x_wconf 88' lang='lat' dir='ltr'><strong>abbas</strong></span> <span class='ocrx_word' id='word_1_67' title='bbox 545 1215 745 1290; x_wconf 78' lang='lat' dir='ltr'><strong>Benedictus,</strong></span> <span class='ocrx_word' id='word_1_68' title='bbox 761 1214 842 1275; x_wconf 87' lang='lat' dir='ltr'><strong>sicut</strong></span> <span class='ocrx_word' id='word_1_69' title='bbox 858 1214 897 1273; x_wconf 90' lang='lat' dir='ltr'><strong>de</strong></span> <span class='ocrx_word' id='word_1_70' title='bbox 913 1212 969 1272; x_wconf 92' lang='lat' dir='ltr'><strong>illo</strong></span> <span class='ocrx_word' id='word_1_71' title='bbox 988 1212 1098 1271; x_wconf 87' lang='lat' dir='ltr'><strong>beatus</strong></span> 
     </span>
     <span class='ocr_line' id='line_1_11' title="bbox 144 1309 1093 1391; baseline -0.003 -20"><span class='ocrx_word' id='word_1_72' title='bbox 144 1328 224 1388; x_wconf 90' lang='lat' dir='ltr'><strong>papa</strong></span> <span class='ocrx_word' id='word_1_73' title='bbox 243 1312 412 1391; x_wconf 81' lang='lat' dir='ltr'><strong>Gregorius</strong></span> <span class='ocrx_word' id='word_1_74' title='bbox 427 1314 542 1387; x_wconf 84' lang='lat' dir='ltr'><strong>scribit,</strong></span> <span class='ocrx_word' id='word_1_75' title='bbox 563 1311 678 1376; x_wconf 72' lang='lat' dir='ltr'><strong>metm</strong></span> <span class='ocrx_word' id='word_1_76' title='bbox 697 1313 824 1373; x_wconf 84' lang='lat' dir='ltr'><strong>abbates</strong></span> <span class='ocrx_word' id='word_1_77' title='bbox 841 1310 908 1371; x_wconf 87' lang='lat' dir='ltr'><strong>suis</strong></span> <span class='ocrx_word' id='word_1_78' title='bbox 925 1309 1093 1386; x_wconf 78' lang='lat' dir='ltr'><strong>discipulis,</strong></span> 
     </span>
     <span class='ocr_line' id='line_1_12' title="bbox 144 1409 1096 1487; baseline 0 -19"><span class='ocrx_word' id='word_1_79' title='bbox 144 1414 238 1486; x_wconf 90' lang='lat' dir='ltr'><strong>prout</strong></span> <span class='ocrx_word' id='word_1_80' title='bbox 258 1412 334 1473; x_wconf 92' lang='lat' dir='ltr'><strong>utile</strong></span> <span class='ocrx_word' id='word_1_81' title='bbox 355 1413 512 1487; x_wconf 85' lang='lat' dir='ltr'><strong>iudicauit,</strong></span> <span class='ocrx_word' id='word_1_82' title='bbox 530 1414 598 1474; x_wconf 86' lang='lat' dir='ltr'><strong>sine</strong></span> <span class='ocrx_word' id='word_1_83' title='bbox 618 1412 755 1473; x_wconf 74' lang='lat' dir='ltr'><strong>caritatis</strong></span> <span class='ocrx_word' id='word_1_84' title='bbox 775 1411 973 1484; x_wconf 87' lang='lat' dir='ltr'><strong>detrimento,</strong></span> <span class='ocrx_word' id='word_1_85' title='bbox 996 1409 1096 1469; x_wconf 89' lang='lat' dir='ltr'><strong>immo</strong></span> 
     </span>
     <span class='ocr_line' id='line_1_13' title="bbox 145 1512 701 1589; baseline 0.002 -20"><span class='ocrx_word' id='word_1_86' title='bbox 145 1528 202 1586; x_wconf 90' lang='lat' dir='ltr'><strong>pro</strong></span> <span class='ocrx_word' id='word_1_87' title='bbox 216 1514 385 1589; x_wconf 85' lang='lat' dir='ltr'><strong>augmento</strong></span> <span class='ocrx_word' id='word_1_88' title='bbox 399 1512 535 1574; x_wconf 85' lang='lat' dir='ltr'><strong>caritatis</strong></span> <span class='ocrx_word' id='word_1_89' title='bbox 546 1512 701 1589; x_wconf 84' lang='lat' dir='ltr'><strong>praefecit.</strong></span> 
     </span>
    </p>

    <p class='ocr_par' dir='ltr' id='par_1_4' title="bbox 25 1607 1248 3171">
     <span class='ocr_line' id='line_1_14' title="bbox 25 1607 1248 1689; baseline 0.006 -34"><span class='ocrx_word' id='word_1_90' title='bbox 25 1626 34 1655; x_wconf 71' lang='grc' dir='ltr'><strong>ι</strong></span> <span class='ocrx_word' id='word_1_91' title='bbox 71 1629 102 1661; x_wconf 72' lang='grc' dir='ltr'><strong>ιι.</strong></span> <span class='ocrx_word' id='word_1_92' title='bbox 188 1610 214 1668; x_wconf 88' lang='lat'><strong>8.</strong></span> <span class='ocrx_word' id='word_1_93' title='bbox 239 1610 380 1688; x_wconf 83' lang='lat' dir='ltr'><strong>Suscepit</strong></span> <span class='ocrx_word' id='word_1_94' title='bbox 397 1611 493 1689; x_wconf 90' lang='lat' dir='ltr'><strong>igitur</strong></span> <span class='ocrx_word' id='word_1_95' title='bbox 513 1614 703 1671; x_wconf 83' lang='lat' dir='ltr'><strong>memoratus</strong></span> <span class='ocrx_word' id='word_1_96' title='bbox 721 1610 772 1670; x_wconf 90' lang='lat' dir='ltr'><strong>uir</strong></span> <span class='ocrx_word' id='word_1_97' title='bbox 790 1629 896 1669; x_wconf 89' lang='lat' dir='ltr'><strong>curam</strong></span> <span class='ocrx_word' id='word_1_98' title='bbox 915 1607 1096 1667; x_wconf 87' lang='lat' dir='ltr'><strong>monasterii</strong></span> <span class='ocrx_word' id='word_1_99' title='bbox 1112 1617 1248 1663; x_wconf 69' lang='lat' dir='ltr'><strong>chancer</strong></span> 
     </span>
     <span class='ocr_line' id='line_1_15' title="bbox 144 1677 1245 1787; baseline 0 -22"><span class='ocrx_word' id='word_1_100' title='bbox 144 1710 281 1785; x_wconf 81' lang='lat' dir='ltr'><strong>regendi.</strong></span> <span class='ocrx_word' id='word_1_101' title='bbox 298 1729 432 1771; x_wconf 83' lang='lat' dir='ltr'><strong>nonoex</strong></span> <span class='ocrx_word' id='word_1_102' title='bbox 446 1730 507 1787; x_wconf 91' lang='lat' dir='ltr'><strong>quo</strong></span> <span class='ocrx_word' id='word_1_103' title='bbox 525 1710 691 1770; x_wconf 84' lang='lat' dir='ltr'><strong>fundatum</strong></span> <span class='ocrx_word' id='word_1_104' title='bbox 713 1712 761 1768; x_wconf 88' lang='lat' dir='ltr'><strong>est</strong></span> <span class='ocrx_word' id='word_1_105' title='bbox 779 1728 871 1769; x_wconf 88' lang='lat' dir='ltr'><strong>anno.</strong></span> <span class='ocrx_word' id='word_1_106' title='bbox 916 1706 1095 1767; x_wconf 90' lang='lat' dir='ltr'><strong>Permansit</strong></span> <span class='ocrx_word' id='word_1_107' title='bbox 1111 1677 1245 1783; x_wconf 36' lang='lat' dir='ltr'><strong>iffi&amp;</strong></span> 
     </span>
     <span class='ocr_line' id='line_1_16' title="bbox 144 1805 1095 1885; baseline -0.002 -18"><span class='ocrx_word' id='word_1_108' title='bbox 144 1806 179 1867; x_wconf 92' lang='lat' dir='ltr'><strong>in</strong></span> <span class='ocrx_word' id='word_1_109' title='bbox 200 1808 254 1867; x_wconf 82' lang='lat' dir='ltr'><strong>ea&#39;</strong></span> <span class='ocrx_word' id='word_1_110' title='bbox 273 1828 372 1885; x_wconf 85' lang='lat' dir='ltr'><strong>usque</strong></span> <span class='ocrx_word' id='word_1_111' title='bbox 391 1810 430 1869; x_wconf 92' lang='lat' dir='ltr'><strong>ad</strong></span> <span class='ocrx_word' id='word_1_112' title='bbox 450 1808 573 1871; x_wconf 89' lang='lat' dir='ltr'><strong>obitum</strong></span> <span class='ocrx_word' id='word_1_113' title='bbox 594 1828 688 1868; x_wconf 87' lang='lat' dir='ltr'><strong>suum</strong></span> <span class='ocrx_word' id='word_1_114' title='bbox 707 1808 800 1869; x_wconf 86' lang='lat' dir='ltr'><strong>annis</strong></span> <span class='ocrx_word' id='word_1_115' title='bbox 816 1810 971 1884; x_wconf 86' lang='lat' dir='ltr'><strong>quattuor,</strong></span> <span class='ocrx_word' id='word_1_116' title='bbox 989 1805 1039 1865; x_wconf 91' lang='lat' dir='ltr'><strong>uir</strong></span> <span class='ocrx_word' id='word_1_117' title='bbox 1056 1807 1095 1866; x_wconf 88' lang='lat' dir='ltr'><strong>ad</strong></span> 
     </span>
     <span class='ocr_line' id='line_1_17' title="bbox 144 1906 1095 1985; baseline -0.002 -19"><span class='ocrx_word' id='word_1_118' title='bbox 144 1907 322 1967; x_wconf 80' lang='lat' dir='ltr'><strong>saeculum³</strong></span> <span class='ocrx_word' id='word_1_119' title='bbox 350 1908 471 1983; x_wconf 84' lang='lat' dir='ltr'><strong>nobilis,</strong></span> <span class='ocrx_word' id='word_1_120' title='bbox 501 1908 556 1969; x_wconf 88' lang='lat' dir='ltr'><strong>sed</strong></span> <span class='ocrx_word' id='word_1_121' title='bbox 590 1908 713 1985; x_wconf 85' lang='lat' dir='ltr'><strong>insigne</strong></span> <span class='ocrx_word' id='word_1_122' title='bbox 748 1906 923 1967; x_wconf 73' lang='lat' dir='ltr'><strong>nobilitatis</strong></span> <span class='ocrx_word' id='word_1_123' title='bbox 956 1924 1022 1965; x_wconf 89' lang='lat' dir='ltr'><strong>non</strong></span> <span class='ocrx_word' id='word_1_124' title='bbox 1056 1906 1095 1965; x_wconf 86' lang='lat' dir='ltr'><strong>ad</strong></span> 
     </span>
     <span class='ocr_line' id='line_1_18' title="bbox 144 2004 1097 2083; baseline -0.003 -17"><span class='ocrx_word' id='word_1_125' title='bbox 144 2006 310 2066; x_wconf 68' lang='lat' dir='ltr'><strong>iactantiae</strong></span> <span class='ocrx_word' id='word_1_126' title='bbox 330 2007 502 2081; x_wconf 84' lang='lat' dir='ltr'><strong>materiem,</strong></span> <span class='ocrx_word' id='word_1_127' title='bbox 527 2009 563 2066; x_wconf 91' lang='lat' dir='ltr'><strong>ut</strong></span> <span class='ocrx_word' id='word_1_128' title='bbox 583 2006 720 2083; x_wconf 89' lang='lat' dir='ltr'><strong>quidam,</strong></span> <span class='ocrx_word' id='word_1_129' title='bbox 740 2005 1004 2082; x_wconf 71' lang='lat' dir='ltr'><strong>despectumque*</strong></span> <span class='ocrx_word' id='word_1_130' title='bbox 1024 2004 1097 2064; x_wconf 87' lang='lat' dir='ltr'><strong>alio·</strong></span> 
     </span>
     <span class='ocr_line' id='line_1_19' title="bbox 144 2102 1096 2180; baseline -0.004 -15"><span class='ocrx_word' id='word_1_131' title='bbox 144 2124 225 2179; x_wconf 87' lang='lat' dir='ltr'><strong>rum,</strong></span> <span class='ocrx_word' id='word_1_132' title='bbox 250 2106 305 2165; x_wconf 88' lang='lat' dir='ltr'><strong>sed</strong></span> <span class='ocrx_word' id='word_1_133' title='bbox 332 2106 370 2166; x_wconf 87' lang='lat' dir='ltr'><strong>ad</strong></span> <span class='ocrx_word' id='word_1_134' title='bbox 399 2106 556 2180; x_wconf 86' lang='lat' dir='ltr'><strong>maiorem,</strong></span> <span class='ocrx_word' id='word_1_135' title='bbox 580 2109 617 2166; x_wconf 93' lang='lat' dir='ltr'><strong>ut</strong></span> <span class='ocrx_word' id='word_1_136' title='bbox 645 2104 704 2165; x_wconf 88' lang='lat' dir='ltr'><strong>Dei</strong></span> <span class='ocrx_word' id='word_1_137' title='bbox 728 2120 857 2166; x_wconf 86' lang='lat' dir='ltr'><strong>seruum</strong></span> <span class='ocrx_word' id='word_1_138' title='bbox 878 2105 973 2179; x_wconf 85' lang='lat' dir='ltr'><strong>decet,</strong></span> <span class='ocrx_word' id='word_1_139' title='bbox 997 2102 1096 2163; x_wconf 88' lang='lat' dir='ltr'><strong>animi</strong></span> 
     </span>
     <span class='ocr_line' id='line_1_20' title="bbox 144 2201 1096 2281; baseline -0.003 -18"><span class='ocrx_word' id='word_1_140' title='bbox 144 2202 340 2265; x_wconf 81' lang='lat' dir='ltr'><strong>nobilitatem</strong></span> <span class='ocrx_word' id='word_1_141' title='bbox 355 2208 548 2266; x_wconf 80' lang='lat' dir='ltr'><strong>conueitens</strong></span> <span class='ocrx_word' id='word_1_142' title='bbox 593 2204 751 2264; x_wconf 89' lang='lat' dir='ltr'><strong>Patruelis</strong></span> <span class='ocrx_word' id='word_1_143' title='bbox 768 2203 883 2281; x_wconf 90' lang='lat' dir='ltr'><strong>quippe</strong></span> <span class='ocrx_word' id='word_1_144' title='bbox 897 2207 963 2263; x_wconf 89' lang='lat' dir='ltr'><strong>erat</strong></span> <span class='ocrx_word' id='word_1_145' title='bbox 976 2201 1096 2262; x_wconf 82' lang='lat' dir='ltr'><strong>abbatie</strong></span> 
     </span>
     <span class='ocr_line' id='line_1_21' title="bbox 144 2300 1098 2380; baseline -0.004 -17"><span class='ocrx_word' id='word_1_146' title='bbox 144 2303 195 2363; x_wconf 87' lang='lat' dir='ltr'><strong>sui</strong></span> <span class='ocrx_word' id='word_1_147' title='bbox 220 2303 391 2379; x_wconf 84' lang='lat' dir='ltr'><strong>Benedicti,</strong></span> <span class='ocrx_word' id='word_1_148' title='bbox 419 2305 473 2364; x_wconf 86' lang='lat' dir='ltr'><strong>sed</strong></span> <span class='ocrx_word' id='word_1_149' title='bbox 497 2304 662 2364; x_wconf 84' lang='lat' dir='ltr'><strong>amborum</strong></span> <span class='ocrx_word' id='word_1_150' title='bbox 684 2305 773 2363; x_wconf 80' lang='lat' dir='ltr'><strong>tenta</strong></span> <span class='ocrx_word' id='word_1_151' title='bbox 793 2303 972 2380; x_wconf 83' lang='lat' dir='ltr'><strong>ingenuitas</strong></span> <span class='ocrx_word' id='word_1_152' title='bbox 980 2302 999 2374; x_wconf 82' lang='lat'><strong>⁶,</strong></span> <span class='ocrx_word' id='word_1_153' title='bbox 1022 2300 1098 2360; x_wconf 85' lang='lat' dir='ltr'><strong>tulis</strong></span> 
     </span>
     <span class='ocr_line' id='line_1_22' title="bbox 145 2401 1093 2480; baseline -0.003 -19"><span class='ocrx_word' id='word_1_154' title='bbox 145 2401 322 2461; x_wconf 83' lang='lat' dir='ltr'><strong>mundanae</strong></span> <span class='ocrx_word' id='word_1_155' title='bbox 349 2402 553 2480; x_wconf 82' lang='lat' dir='ltr'><strong>ingenuitatis</strong></span> <span class='ocrx_word' id='word_1_156' title='bbox 574 2401 636 2462; x_wconf 80' lang='lat' dir='ltr'><strong>fuit</strong></span> <span class='ocrx_word' id='word_1_157' title='bbox 657 2422 714 2480; x_wconf 92' lang='lat' dir='ltr'><strong>pro</strong></span> <span class='ocrx_word' id='word_1_158' title='bbox 741 2401 861 2461; x_wconf 87' lang='lat' dir='ltr'><strong>nichilo</strong></span> <span class='ocrx_word' id='word_1_159' title='bbox 885 2401 1093 2475; x_wconf 88' lang='lat' dir='ltr'><strong>contemptus,</strong></span> 
     </span>
     <span class='ocr_line' id='line_1_23' title="bbox 145 2496 1097 2578; baseline -0.003 -19"><span class='ocrx_word' id='word_1_160' title='bbox 145 2502 182 2560; x_wconf 92' lang='lat' dir='ltr'><strong>ut</strong></span> <span class='ocrx_word' id='word_1_161' title='bbox 209 2520 310 2577; x_wconf 89' lang='lat' dir='ltr'><strong>neque</strong></span> <span class='ocrx_word' id='word_1_162' title='bbox 336 2502 396 2561; x_wconf 85' lang='lat' dir='ltr'><strong>iste</strong></span> <span class='ocrx_word' id='word_1_163' title='bbox 423 2500 651 2561; x_wconf 87' lang='lat' dir='ltr'><strong>monasterium</strong></span> <span class='ocrx_word' id='word_1_164' title='bbox 679 2500 845 2578; x_wconf 83' lang='lat' dir='ltr'><strong>ingressus,</strong></span> <span class='ocrx_word' id='word_1_165' title='bbox 869 2499 1008 2577; x_wconf 89' lang='lat' dir='ltr'><strong>aliquem</strong></span> <span class='ocrx_word' id='word_1_166' title='bbox 1035 2496 1097 2557; x_wconf 89' lang='lat' dir='ltr'><strong>sibi</strong></span> 
     </span>
     <span class='ocr_line' id='line_1_24' title="bbox 144 2596 1096 2677; baseline -0.003 -18"><span class='ocrx_word' id='word_1_167' title='bbox 144 2618 220 2677; x_wconf 87' lang='lat' dir='ltr'><strong>prae</strong></span> <span class='ocrx_word' id='word_1_168' title='bbox 240 2600 350 2661; x_wconf 85' lang='lat' dir='ltr'><strong>ceteris</strong></span> <span class='ocrx_word' id='word_1_169' title='bbox 372 2599 412 2660; x_wconf 93' lang='lat' dir='ltr'><strong>ob</strong></span> <span class='ocrx_word' id='word_1_170' title='bbox 433 2599 585 2661; x_wconf 91' lang='lat' dir='ltr'><strong>intuitum</strong></span> <span class='ocrx_word' id='word_1_171' title='bbox 607 2598 888 2677; x_wconf 85' lang='lat' dir='ltr'><strong>consanguinitatis</strong></span> <span class='ocrx_word' id='word_1_172' title='bbox 908 2602 963 2659; x_wconf 87' lang='lat' dir='ltr'><strong>aut</strong></span> <span class='ocrx_word' id='word_1_173' title='bbox 983 2596 1096 2657; x_wconf 89' lang='lat' dir='ltr'><strong>nobili·</strong></span> 
     </span>
     <span class='ocr_line' id='line_1_25' title="bbox 144 2696 1096 2776; baseline -0.005 -18"><span class='ocrx_word' id='word_1_174' title='bbox 144 2698 219 2758; x_wconf 74' lang='lat' dir='ltr'><strong>tetis</strong></span> <span class='ocrx_word' id='word_1_175' title='bbox 233 2698 383 2758; x_wconf 91' lang='lat' dir='ltr'><strong>honorem</strong></span> <span class='ocrx_word' id='word_1_176' title='bbox 395 2698 615 2776; x_wconf 84' lang='lat' dir='ltr'><strong>quaerendum,</strong></span> <span class='ocrx_word' id='word_1_177' title='bbox 630 2718 733 2775; x_wconf 87' lang='lat' dir='ltr'><strong>neque</strong></span> <span class='ocrx_word' id='word_1_178' title='bbox 747 2696 1096 2774; x_wconf 77' lang='lat' dir='ltr'><strong>ille⁶puta1etofferen</strong></span> 
     </span>
     <span class='ocr_line' id='line_1_26' title="bbox 144 2795 1096 2875; baseline -0.004 -18"><span class='ocrx_word' id='word_1_179' title='bbox 144 2797 244 2871; x_wconf 89' lang='lat' dir='ltr'><strong>dum;</strong></span> <span class='ocrx_word' id='word_1_180' title='bbox 279 2798 333 2857; x_wconf 88' lang='lat' dir='ltr'><strong>sed</strong></span> <span class='ocrx_word' id='word_1_181' title='bbox 364 2796 484 2875; x_wconf 88' lang='lat' dir='ltr'><strong>aequali</strong></span> <span class='ocrx_word' id='word_1_182' title='bbox 516 2816 588 2857; x_wconf 88' lang='lat' dir='ltr'><strong>cum</strong></span> <span class='ocrx_word' id='word_1_183' title='bbox 619 2796 768 2857; x_wconf 76' lang='lat' dir='ltr'><strong>fratribus</strong></span> <span class='ocrx_word' id='word_1_184' title='bbox 802 2796 890 2856; x_wconf 87' lang='lat' dir='ltr'><strong>lance</strong></span> <span class='ocrx_word' id='word_1_185' title='bbox 924 2795 1000 2855; x_wconf 92' lang='lat' dir='ltr'><strong>boni</strong></span> <span class='ocrx_word' id='word_1_186' title='bbox 1030 2813 1096 2870; x_wconf 90' lang='lat' dir='ltr'><strong>pro·</strong></span> 
     </span>
     <span class='ocr_line' id='line_1_27' title="bbox 143 2892 1096 2973; baseline -0.004 -18"><span class='ocrx_word' id='word_1_187' title='bbox 143 2895 238 2972; x_wconf 87' lang='lat' dir='ltr'><strong>positi</strong></span> <span class='ocrx_word' id='word_1_188' title='bbox 269 2896 393 2956; x_wconf 90' lang='lat' dir='ltr'><strong>iuuenis</strong></span> <span class='ocrx_word' id='word_1_189' title='bbox 419 2895 608 2973; x_wconf 83' lang='lat' dir='ltr'><strong>gloriebatur</strong></span> <span class='ocrx_word' id='word_1_190' title='bbox 636 2914 670 2956; x_wconf 90' lang='lat' dir='ltr'><strong>se</strong></span> <span class='ocrx_word' id='word_1_191' title='bbox 697 2894 870 2973; x_wconf 81' lang='lat' dir='ltr'><strong>regularem</strong></span> <span class='ocrx_word' id='word_1_192' title='bbox 902 2914 958 2970; x_wconf 89' lang='lat' dir='ltr'><strong>per</strong></span> <span class='ocrx_word' id='word_1_193' title='bbox 988 2892 1096 2953; x_wconf 89' lang='lat' dir='ltr'><strong>omnia</strong></span> 
     </span>
     <span class='ocr_line' id='line_1_28' title="bbox 143 2992 1096 3071; baseline -0.003 -18"><span class='ocrx_word' id='word_1_194' title='bbox 143 3012 267 3055; x_wconf 83' lang='lat' dir='ltr'><strong>seruare</strong></span> <span class='ocrx_word' id='word_1_195' title='bbox 287 2994 494 3071; x_wconf 86' lang='lat' dir='ltr'><strong>disciplinam.</strong></span> <span class='ocrx_word' id='word_1_196' title='bbox 539 2994 581 3055; x_wconf 87' lang='lat' dir='ltr'><strong>Et</strong></span> <span class='ocrx_word' id='word_1_197' title='bbox 599 2994 727 3071; x_wconf 88' lang='lat' dir='ltr'><strong>quidem</strong></span> <span class='ocrx_word' id='word_1_198' title='bbox 743 3013 815 3053; x_wconf 90' lang='lat' dir='ltr'><strong>oum</strong></span> <span class='ocrx_word' id='word_1_199' title='bbox 828 2993 938 3053; x_wconf 85' lang='lat' dir='ltr'><strong>fuisset</strong></span> <span class='ocrx_word' id='word_1_200' title='bbox 950 2992 1096 3051; x_wconf 83' lang='lat' dir='ltr'><strong>minister</strong></span> 
     </span>
     <span class='ocr_line' id='line_1_29' title="bbox 144 3090 1095 3171; baseline -0.001 -17"><span class='ocrx_word' id='word_1_201' title='bbox 144 3093 295 3171; x_wconf 79' lang='lat' dir='ltr'><strong>AEcgtridi</strong></span> <span class='ocrx_word' id='word_1_202' title='bbox 322 3092 409 3171; x_wconf 87' lang='lat' dir='ltr'><strong>regis,</strong></span> <span class='ocrx_word' id='word_1_203' title='bbox 440 3092 557 3153; x_wconf 86' lang='lat' dir='ltr'><strong>relictis</strong></span> <span class='ocrx_word' id='word_1_204' title='bbox 590 3093 687 3153; x_wconf 87' lang='lat' dir='ltr'><strong>semel</strong></span> <span class='ocrx_word' id='word_1_205' title='bbox 717 3091 851 3170; x_wconf 88' lang='lat' dir='ltr'><strong>negotiis</strong></span> <span class='ocrx_word' id='word_1_206' title='bbox 882 3090 1095 3165; x_wconf 87' lang='lat' dir='ltr'><strong>saecularibus,</strong></span> 
     </span>
    </p>
   </div>
   <div class='ocr_carea' id='block_1_3' title="bbox 26 3190 1096 3664">
    <p class='ocr_par' dir='ltr' id='par_1_5' title="bbox 26 3190 1096 3664">
     <span class='ocr_line' id='line_1_30' title="bbox 143 3190 1096 3270; baseline 0.001 -18"><span class='ocrx_word' id='word_1_207' title='bbox 143 3192 293 3269; x_wconf 87' lang='lat' dir='ltr'><strong>depositis</strong></span> <span class='ocrx_word' id='word_1_208' title='bbox 319 3192 423 3266; x_wconf 88' lang='lat' dir='ltr'><strong>armis,</strong></span> <span class='ocrx_word' id='word_1_209' title='bbox 454 3194 616 3270; x_wconf 86' lang='lat' dir='ltr'><strong>assumpta</strong></span> <span class='ocrx_word' id='word_1_210' title='bbox 649 3191 765 3251; x_wconf 83' lang='lat' dir='ltr'><strong>militia</strong></span> <span class='ocrx_word' id='word_1_211' title='bbox 799 3190 939 3267; x_wconf 86' lang='lat' dir='ltr'><strong>spiritali,</strong></span> <span class='ocrx_word' id='word_1_212' title='bbox 970 3193 1096 3253; x_wconf 87' lang='lat' dir='ltr'><strong>tantum</strong></span> 
     </span>
     <span class='ocr_line' id='line_1_31' title="bbox 26 3288 1092 3370; baseline 0.002 -24"><span class='ocrx_word' id='word_1_213' title='bbox 26 3318 47 3346; x_wconf 73' lang='grc' dir='ltr'><em>η</em></span> <span class='ocrx_word' id='word_1_214' title='bbox 143 3291 261 3352; x_wconf 86' lang='lat' dir='ltr'><strong>mansit</strong></span> <span class='ocrx_word' id='word_1_215' title='bbox 301 3290 441 3367; x_wconf 87' lang='lat' dir='ltr'><strong>humilis,</strong></span> <span class='ocrx_word' id='word_1_216' title='bbox 482 3290 687 3370; x_wconf 72' lang='lat' dir='ltr'><strong>frattrumque</strong></span> <span class='ocrx_word' id='word_1_217' title='bbox 726 3288 911 3350; x_wconf 89' lang='lat' dir='ltr'><strong>simillimus</strong></span> <span class='ocrx_word' id='word_1_218' title='bbox 950 3289 1092 3363; x_wconf 82' lang='lat' dir='ltr'><strong>aliorum,</strong></span> 
     </span>
     <span class='ocr_line' id='line_1_32' title="bbox 143 3387 1095 3465; baseline -0.002 -15"><span class='ocrx_word' id='word_1_219' title='bbox 143 3390 196 3450; x_wconf 74' lang='lat' dir='ltr'><strong>ut&#39;</strong></span> <span class='ocrx_word' id='word_1_220' title='bbox 218 3390 371 3451; x_wconf 88' lang='lat' dir='ltr'><strong>uentilare</strong></span> <span class='ocrx_word' id='word_1_221' title='bbox 391 3410 464 3451; x_wconf 89' lang='lat' dir='ltr'><strong>cum</strong></span> <span class='ocrx_word' id='word_1_222' title='bbox 489 3390 534 3450; x_wconf 90' lang='lat' dir='ltr'><strong>eis</strong></span> <span class='ocrx_word' id='word_1_223' title='bbox 557 3392 590 3450; x_wconf 91' lang='lat' dir='ltr'><strong>et</strong></span> <span class='ocrx_word' id='word_1_224' title='bbox 618 3388 771 3463; x_wconf 86' lang='lat' dir='ltr'><strong>triturare,</strong></span> <span class='ocrx_word' id='word_1_225' title='bbox 795 3406 871 3447; x_wconf 88' lang='lat' dir='ltr'><strong>oues</strong></span> <span class='ocrx_word' id='word_1_226' title='bbox 898 3387 1095 3465; x_wconf 84' lang='lat' dir='ltr'><strong>uitulasque⁸</strong></span> 
     </span>
     <span class='ocr_line' id='line_1_33' title="bbox 142 3484 1096 3567; baseline -0.001 -18"><span class='ocrx_word' id='word_1_227' title='bbox 142 3488 291 3567; x_wconf 89' lang='lat' dir='ltr'><strong>mulgere,</strong></span> <span class='ocrx_word' id='word_1_228' title='bbox 316 3489 351 3549; x_wconf 92' lang='lat' dir='ltr'><strong>in</strong></span> <span class='ocrx_word' id='word_1_229' title='bbox 376 3488 516 3565; x_wconf 87' lang='lat' dir='ltr'><strong>pistrino,</strong></span> <span class='ocrx_word' id='word_1_230' title='bbox 540 3487 574 3547; x_wconf 91' lang='lat' dir='ltr'><strong>in</strong></span> <span class='ocrx_word' id='word_1_231' title='bbox 598 3490 674 3562; x_wconf 88' lang='lat' dir='ltr'><strong>orto,</strong></span> <span class='ocrx_word' id='word_1_232' title='bbox 698 3486 733 3546; x_wconf 94' lang='lat' dir='ltr'><strong>in</strong></span> <span class='ocrx_word' id='word_1_233' title='bbox 754 3484 895 3563; x_wconf 84' lang='lat' dir='ltr'><strong>coquina,</strong></span> <span class='ocrx_word' id='word_1_234' title='bbox 919 3486 953 3545; x_wconf 91' lang='lat' dir='ltr'><strong>in</strong></span> <span class='ocrx_word' id='word_1_235' title='bbox 974 3487 1096 3549; x_wconf 88' lang='lat' dir='ltr'><strong>cunctis</strong></span> 
     </span>
     <span class='ocr_line' id='line_1_34' title="bbox 141 3583 1095 3664; baseline 0.001 -17"><span class='ocrx_word' id='word_1_236' title='bbox 141 3586 322 3647; x_wconf 85' lang='lat' dir='ltr'><strong>monasterii</strong></span> <span class='ocrx_word' id='word_1_237' title='bbox 355 3587 501 3664; x_wconf 91' lang='lat' dir='ltr'><strong>operibus</strong></span> <span class='ocrx_word' id='word_1_238' title='bbox 534 3586 686 3647; x_wconf 88' lang='lat' dir='ltr'><strong>iocundus</strong></span> <span class='ocrx_word' id='word_1_239' title='bbox 714 3589 747 3645; x_wconf 91' lang='lat' dir='ltr'><strong>et</strong></span> <span class='ocrx_word' id='word_1_240' title='bbox 774 3583 922 3645; x_wconf 86' lang='lat' dir='ltr'><strong>obediens</strong></span> <span class='ocrx_word' id='word_1_241' title='bbox 947 3586 1095 3661; x_wconf 82' lang='lat' dir='ltr'><strong>gauderet</strong></span> 
     </span>
    </p>
   </div>
   <div class='ocr_carea' id='block_1_4' title="bbox 142 3746 1097 3970">
    <p class='ocr_par' dir='ltr' id='par_1_6' title="bbox 142 3746 1097 3970">
     <span class='ocr_line' id='line_1_35' title="bbox 176 3746 1092 3811; baseline -0.002 -12"><span class='ocrx_word' id='word_1_242' title='bbox 176 3750 344 3800; x_wconf 80' lang='lat' dir='ltr'><strong>¹lectissimi</strong></span> <span class='ocrx_word' id='word_1_243' title='bbox 355 3757 387 3801; x_wconf 87' lang='grc' dir='ltr'><strong>Δ.</strong></span> <span class='ocrx_word' id='word_1_244' title='bbox 431 3747 752 3809; x_wconf 76' lang='lat' dir='ltr'><strong>¹001).1{‚.P.o.13.r.</strong></span> <span class='ocrx_word' id='word_1_245' title='bbox 800 3746 1092 3811; x_wconf 75' lang='lat' dir='ltr'><strong>’admec.om‚D.H‚.</strong></span> 
     </span>
     <span class='ocr_line' id='line_1_36' title="bbox 143 3825 1097 3892; baseline -0.002 -14"><span class='ocrx_word' id='word_1_246' title='bbox 143 3828 171 3878; x_wconf 84' lang='lat' dir='ltr'><strong>P.</strong></span> <span class='ocrx_word' id='word_1_247' title='bbox 182 3829 250 3880; x_wconf 85' lang='lat' dir='ltr'><strong>G.B.</strong></span> <span class='ocrx_word' id='word_1_248' title='bbox 260 3828 289 3877; x_wconf 77' lang='lat' dir='ltr'><strong>F.</strong></span> <span class='ocrx_word' id='word_1_249' title='bbox 334 3828 559 3892; x_wconf 77' lang='lat' dir='ltr'><strong>‘dispectumque</strong></span> <span class='ocrx_word' id='word_1_250' title='bbox 568 3827 614 3889; x_wconf 61' lang='lat'>111.</span> <span class='ocrx_word' id='word_1_251' title='bbox 624 3826 665 3877; x_wconf 72' lang='grc' dir='ltr'><strong>Δῑ.</strong></span> <span class='ocrx_word' id='word_1_252' title='bbox 708 3826 928 3890; x_wconf 73' lang='lat' dir='ltr'><strong>‘mentisingD</strong></span> <span class='ocrx_word' id='word_1_253' title='bbox 943 3825 1097 3889; x_wconf 78' lang='lat' dir='ltr'><strong>11‚.P.c.r.</strong></span> 
     </span>
     <span class='ocr_line' id='line_1_37' title="bbox 142 3902 1095 3970; baseline -0.002 -13"><span class='ocrx_word' id='word_1_254' title='bbox 142 3908 249 3957; x_wconf 74' lang='lat' dir='ltr'><strong>‘illum</strong></span> <span class='ocrx_word' id='word_1_255' title='bbox 262 3914 292 3955; x_wconf 93' lang='grc' dir='ltr'><strong>Δ.</strong></span> <span class='ocrx_word' id='word_1_256' title='bbox 403 3903 461 3957; x_wconf 73' lang='lat' dir='ltr'><strong>&#39;ut</strong></span> <span class='ocrx_word' id='word_1_257' title='bbox 473 3922 517 3956; x_wconf 85' lang='lat' dir='ltr'><strong>om.</strong></span> <span class='ocrx_word' id='word_1_258' title='bbox 530 3906 563 3957; x_wconf 89' lang='lat' dir='ltr'><strong>D.</strong></span> <span class='ocrx_word' id='word_1_259' title='bbox 574 3906 622 3970; x_wconf 68' lang='lat'><strong>11,</strong></span> <span class='ocrx_word' id='word_1_260' title='bbox 635 3906 664 3957; x_wconf 90' lang='lat' dir='ltr'><strong>P.</strong></span> <span class='ocrx_word' id='word_1_261' title='bbox 675 3906 703 3956; x_wconf 81' lang='lat'><strong>0.</strong></span> <span class='ocrx_word' id='word_1_262' title='bbox 716 3906 749 3955; x_wconf 88' lang='lat' dir='ltr'><strong>B.</strong></span> <span class='ocrx_word' id='word_1_263' title='bbox 760 3906 789 3956; x_wconf 74' lang='lat' dir='ltr'><strong>F.</strong></span> <span class='ocrx_word' id='word_1_264' title='bbox 906 3902 1095 3969; x_wconf 69' lang='grc' dir='ltr'><strong>’·ΙοηιιοΗ,.</strong></span> 
     </span>
    </p>
   </div>
   <div class='ocr_carea' id='block_1_5' title="bbox 573 3988 660 4051">
    <p class='ocr_par' dir='ltr' id='par_1_7' title="bbox 573 3988 660 4051">
     <span class='ocr_line' id='line_1_38' title="bbox 573 3988 660 4051; baseline -0.023 0"><span class='ocrx_word' id='word_1_265' title='bbox 573 3988 660 4051; x_wconf 71' lang='lat' dir='ltr'><strong>aba</strong></span> 
     </span>
    </p>
   </div>
   <div class='ocr_carea' id='block_1_6' title="bbox 0 0 1434 4334">
    <p class='ocr_par' dir='ltr' id='par_1_8' title="bbox 0 0 1434 4334">
     <span class='ocr_line' id='line_1_39' title="bbox 0 0 1434 4334; baseline 0 0"><span class='ocrx_word' id='word_1_266' title='bbox 0 0 1434 4334; x_wconf 95' lang='lat' dir='ltr'><strong> </strong></span> 
     </span>
    </p>
   </div>
  </div>
 </body>
</html>
