2859 4334
33 248 270 309 ..u-¹
340 233 406 297 308
613 225 771 293 Historia
791 222 1024 291 Eccleciostiec
1179 198 1292 293 [unu

341 407 417 467 odor
439 404 618 478 uideretur;
647 401 729 463 sicut
749 401 844 461 etism
864 398 921 461 lux
944 396 1000 458 illa
1021 394 1122 474 compi
1149 392 1287 455 florentis

342 505 463 579 eximia,
475 504 510 564 in
524 502 742 580 conputatione
755 499 829 569 eius,
842 517 920 577 quse
933 517 1019 557 nunc
1032 493 1184 573 apperuit,
1202 493 1285 564 lucis,

342 603 527 665 tenuissima
553 620 680 679 prorsus
706 600 879 672 uidebatur,
910 600 943 657 et
975 614 1077 672 purus
1129 594 1171 655 In
1204 592 1289 653 cuius

342 704 564 763 amoenitatem
577 700 637 760 loci
651 719 722 760 cum
737 718 796 759 nos
805 697 975 758 intraturos
988 712 1154 772 sperarem,
1165 694 1288 769 repente

343 802 452 863 ductor
475 792 636 874 substitit;
656 818 713 859 nec
735 816 829 871 moro,
853 814 995 874 gressum
1016 795 1203 868 retorquens
1225 790 1290 867 ipss

342 920 401 976 me,
419 920 479 977 qus
493 898 647 973 uenimus,
664 896 716 957 uis
728 895 861 957 reduxit

387 997 546 1074 ‘Cumque
567 995 683 1057 reuersi
704 993 939 1073 perueniremus
958 991 997 1051 sd
1019 988 1201 1051 mensiones
1221 986 1291 1047 illos

342 1095 438 1157 laetae
469 1096 636 1173 spirituum
667 1094 911 1163 candidatorum,
941 1090 1020 1151 dixit
1046 1087 1147 1149 mihi:
1181 1086 1284 1157 “sois

279 1188 282 1197 ’
342 1214 420 1271 quoe
433 1190 515 1254 sint¹
530 1193 589 1255 isto
606 1192 720 1263 omnia,
738 1212 816 1269 quue
832 1190 992 1253 uidisti?”
1033 1185 1195 1265 Respondi
1210 1206 1287 1263 ego:

345 1294 364 1323 “
376 1292 477 1354 Non.'’
518 1293 560 1355 Et
572 1292 636 1353 ait:
658 1293 679 1322 “
690 1291 792 1352 Uullis
804 1290 867 1361 illu,
884 1310 977 1367 quem
991 1288 1139 1366 aspexisti
1151 1287 1289 1348 flammis

342 1390 538 1453 icruentibus
551 1395 583 1451 et
592 1390 761 1467 frigoribus
767 1389 921 1449 horrende
930 1388 1045 1467 rigidis,
1057 1388 1124 1465 ipse
1133 1392 1182 1448 est
1193 1388 1285 1456 locus,

343 1492 376 1550 in
404 1509 467 1566 quo
494 1488 718 1549 examinandae
751 1490 783 1547 et
813 1486 1010 1564 castigandae
1039 1485 1137 1547 sunt²
1169 1487 1291 1547 enimse

343 1588 478 1661 illorum,
502 1587 556 1664 qui
574 1586 752 1647 differentes
771 1586 912 1646 confiteri
932 1587 965 1645 et
984 1587 1150 1646 emendare
1169 1586 1289 1659 scelere,

343 1706 422 1764 quse
446 1686 587 1745 iecerunt
596 1684 615 1759 ³,
645 1685 680 1745 in
707 1684 776 1761 ipso
801 1686 929 1745 tandem
956 1686 1067 1746 mortis
1094 1686 1229 1746 orticqu
1255 1684 1290 1745 ed

343 1784 565 1861 paenitentiam
580 1783 773 1861 confugiunt,
788 1784 877 1844 etsie
890 1784 930 1845 de
943 1805 1068 1862 corpore
1081 1788 1199 1845 exeunt
1214 1805 1223 1859 ;
1241 1782 1291 1861 qui

343 1888 459 1957 tumen,
477 1884 549 1960 quie
562 1883 787 1943 confessionem
801 1887 833 1944 et
846 1884 1071 1960 poenitentium
1080 1884 1133 1944 uel
1144 1885 1180 1945 in
1194 1888 1292 1944 morte

344 1982 527 2055 habuerunt,
551 2000 661 2042 omnes
678 1981 713 2041 in
733 1981 784 2042 die
799 1982 908 2043 iudicii
926 1984 966 2044 sd
986 1984 1290 2059 regnumcuelorum

345 2078 541 2156 perueniunt.
582 2079 699 2139 Multos
712 2082 819 2139 sutem
832 2100 938 2157 preces
947 2080 1133 2156 uiuentium,
1146 2085 1179 2141 et
1187 2082 1292 2142 elimo·

346 2198 450 2255 synae,
473 2181 505 2237 et
525 2178 645 2252 ieiunia,
670 2181 701 2238 et
721 2179 857 2239 nmxime
877 2180 1040 2241 celebratio
1061 2180 1239 2255 missarum,
1261 2182 1292 2239 ut

347 2276 441 2337 etism
461 2279 534 2336 ente
558 2276 643 2337 diem
663 2276 771 2338 iudicii
791 2277 969 2351 liberentur,
993 2279 1153 2340 adiuuent
1198 2280 1292 2339 Porro

347 2379 462 2451 puteus
484 2374 537 2435 ilie
561 2376 815 2438 flummiuomus⁴
835 2397 872 2437 sc
896 2377 1032 2454 putidus,
1058 2397 1154 2455 quem
1175 2377 1289 2450 uidisti,

347 2472 452 2549 ipsum
473 2476 520 2534 eet
542 2494 577 2535 os
597 2476 765 2551 gehennae,
789 2476 825 2535 in
845 2496 907 2553 quo
927 2476 1116 2553 quicumque
1136 2478 1234 2537 semel
1254 2477 1295 2537 in·

348 2570 466 2645 sideni,
483 2592 658 2650 numquam
678 2573 753 2634 inde
771 2574 954 2635 liberabitur
974 2574 1010 2634 in
1028 2594 1153 2636 senum.
1198 2576 1295 2635 Locus
1399 2579 1400 2660 ᾗ

349 2690 423 2729 uero
445 2670 504 2731 iste
526 2672 650 2748 florifer,
675 2673 710 2733 in
733 2693 795 2750 quo
818 2673 1062 2752 pulcherrimum
1083 2674 1167 2735 hanc
1194 2674 1296 2734 iuuen-

349 2772 449 2829 tutem
464 2769 626 2831 iucundari
636 2772 690 2831 ⁶sc
703 2772 825 2849 fulgere
838 2771 998 2849 conspicis,
1019 2770 1024 2852 Ι
1042 2772 1109 2848 ipse
1118 2775 1177 2847 est,
1191 2773 1226 2833 in
1239 2790 1296 2849 quo
1309 2776 1359 2821 m
1368 2772 1379 2808 '·

349 2868 557 2945 recipiuntur⁶
591 2870 713 2931 enimse
745 2890 862 2943 eorum,
893 2871 949 2948 qui
977 2871 1013 2932 in
1046 2870 1139 2932 bonis
1172 2872 1296 2949 quidem

349 2967 494 3043 operibus
518 2968 556 3028 de
577 2988 704 3045 corpore
728 2974 861 3044 exeunt3
882 2990 947 3030 non
969 2973 1077 3031 temen
1097 2973 1175 3031 sunt
1195 2974 1297 3030 nuuc

349 3064 554 3142 perfectionis,
573 3067 628 3126 ut'
644 3067 677 3127 in
691 3087 824 3145 regnum
833 3068 989 3129 caelorum
999 3068 1108 3129 etofim
1121 3072 1297 3128 mereantur

348 3163 506 3223 introduci
518 3186 525 3238 ;
544 3164 598 3241 qui
615 3168 723 3227 temen
737 3186 847 3227 omnes
860 3167 894 3227 in
908 3166 959 3227 die
972 3166 1079 3227 iudicii
1092 3167 1132 3227 ed
1146 3166 1297 3227 uisionem

349 3262 474 3337 Christi,
513 3266 545 3322 et
571 3264 683 3340 gaudio
710 3265 798 3342 regni
831 3265 972 3325 caelestis
1002 3264 1175 3327 intrabunt.
1220 3265 1296 3325 Nun

349 3361 538 3438 quicumque
562 3361 595 3421 in
623 3363 711 3423 omni
734 3364 836 3439 uerbo,
864 3368 896 3425 et
923 3384 1023 3441 opere,
1054 3368 1086 3424 et
1113 3364 1298 3441 cogitatione

348 3460 477 3536 peifecti
506 3463 588 3535 sunt,
620 3480 693 3534 mox
727 3462 766 3521 de
798 3482 924 3538 corpore
956 3462 1072 3541 egressi
1101 3462 1141 3523 ud
1170 3481 1296 3539 regnum

350 3557 480 3617 caeleste
501 3558 710 3635 perueniunt;
732 3561 771 3621 ud
792 3559 880 3620 cuius
900 3560 1024 3621 uicinu'
1050 3561 1188 3637 pertinet
1215 3561 1297 3621 locus

257 3658 261 3667 '
350 3653 411 3729 ille,
429 3656 482 3715 ubi
500 3676 613 3717 sonum
633 3657 807 3719 cantilenae
825 3657 926 3719 dulcis
939 3678 1013 3719 cum
1031 3658 1124 3719 odore
1138 3658 1296 3721 suauitatis

383 3784 512 3838 ²sunt0.
588 3785 720 3838 ²sintii.
794 3789 1293 3850 ³·rauto1terodto·runtbi;·rsntc.

350 3862 474 3913 ⁴temus
486 3864 523 3915 0¹.
563 3864 689 3915 ⁶·rcM¹.
729 3867 895 3917 ‘cinturbt
938 3865 1058 3917 'utnon
1070 3868 1108 3920 u.
1134 3866 1151 3947 ¹⁸
1168 3871 1223 3918 -nis
1234 3866 1292 3917 lic.
