2859 4334
306 221 370 284 264
572 219 730 286 Historia
751 220 983 287 Ecclesiastico
1132 233 1201 298 [Lm.
1214 236 1262 284 lv.

305 392 458 470 originem
486 393 623 470 duxerat,
651 414 753 473 neque
777 394 858 454 ultra
884 395 923 454 ad
948 415 1022 454 eum
1048 393 1135 454 iuxta
1158 415 1263 454 suum

305 492 482 552 condictum
510 493 608 553 rediit
653 494 699 553 At
727 493 794 569 ipse
823 491 961 553 memor¹
994 493 1149 569 praecepti
1176 493 1259 566 eius,

306 590 402 650 simul
417 595 448 650 et
461 588 628 667 promissi’
641 591 699 666 sui,
717 595 821 651 totum
835 612 869 651 se
882 591 1019 650 lacrimis
1034 591 1260 668 paenitentiae,

307 688 424 765 uigiliis
451 692 574 766 sanctis,
606 693 638 750 et
665 691 875 751 continentiae
903 690 1117 767 mancipauit3
1148 691 1195 749 ita
1222 694 1261 750 ut

307 787 417 864 quinta
452 789 555 849 solum
583 789 704 848 sabboti
732 792 765 848 et
793 788 955 863 dominica
989 790 1071 848 sicut
1103 789 1260 865 praedixi,

306 885 453 961 reticeret,
468 887 577 946 ceteris
587 889 779 963 septimanae
790 888 900 947 diebus
912 889 1037 948 ieiunus
1049 891 1262 964 permaneret.

307 984 448 1061 Cumque
461 986 649 1045 sacerdotem
660 1006 754 1045 suum
765 984 952 1045 Hiberniam
965 987 1137 1059 secessisse,
1152 986 1264 1064 ibique

306 1083 488 1144 defunctum
507 1091 511 1160 Λ
530 1105 596 1144 esse
610 1085 755 1158 audisset,
769 1104 892 1162 semper
904 1105 942 1144 ex
956 1105 992 1144 eo
1006 1089 1156 1160 tempore,
1170 1085 1262 1145 iuxta
1277 1097 1295 1140 e
1308 1113 1334 1152 93
1344 1111 1363 1139 a

306 1183 484 1242 condictum
503 1184 569 1242 eius
588 1187 806 1257 memoratum,
823 1183 1033 1243 continentiae
1053 1183 1187 1243 modum
1206 1184 1261 1244 ob

306 1281 468 1356 seruabet;
489 1284 528 1356 et,
555 1282 643 1358 ,quod
676 1301 767 1341 cause
798 1281 900 1341 diuini
932 1282 1056 1342 timoris
1086 1283 1187 1341 semel
1220 1283 1262 1342 ob

307 1383 426 1439 reatum
444 1383 639 1456 conpunctus
658 1383 808 1456 coeperat,
825 1380 888 1440 iam
910 1400 1000 1440 eausa
1021 1381 1124 1440 diuini
1143 1381 1263 1440 amoris

307 1478 476 1537 delectatus
490 1478 636 1554 praemiis
651 1478 825 1538 indefessus
838 1479 956 1556 agebat

347 1577 436 1651 Quod
464 1577 540 1637 dum
569 1577 671 1636 multo
700 1579 840 1654 tempore
867 1577 995 1650 sedulus
1022 1581 1259 1654 exsequeretur,

150 1717 163 1746 e
220 1703 254 1772 0¹1
270 1656 287 1745 ζ
305 1675 447 1753 contigit,
461 1695 534 1735 eum
556 1677 607 1736 die
632 1677 767 1752 quadam
789 1676 828 1735 de
848 1675 1036 1735 monasterio
1057 1676 1114 1735 illo
1133 1676 1263 1754 longius

134 1777 148 1804 ⁰
280 1785 472 1851 ‘egressum
497 1774 664 1834 comitante
685 1794 791 1834 secum
812 1793 877 1834 uno
898 1774 937 1833 de
957 1775 1116 1849 fratribus,
1132 1778 1263 1851 peracto

306 1873 418 1932 itinere
432 1873 541 1932 redire.
585 1872 731 1947 Quicum
746 1873 936 1932 monasterio
954 1873 1212 1949 propinquarent,
1231 1879 1264 1934 et

306 1972 445 2031 aedificia
468 1971 555 2032 illius
582 1971 761 2030 sublimiter
787 1975 887 2030 erecta
907 1971 1109 2048 aspicerent,
1137 1972 1265 2031 solutus

306 2075 354 2130 est
367 2071 401 2130 in
413 2071 573 2130 lacrimas⁴
584 2070 633 2129 uir
644 2070 710 2144 Dei,
725 2073 757 2130 et
767 2069 928 2130 tristitiam
939 2070 1040 2130 cordis
1051 2071 1145 2130 uultu
1157 2071 1264 2130 indice

306 2170 463 2246 prodebat.
509 2169 597 2245 Quod
619 2169 746 2229 intuens
767 2189 881 2244 comes,
896 2189 990 2246 quare
1011 2169 1133 2243 faceret,
1158 2169 1265 2246 inqui·

307 2267 390 2328 siuit
436 2269 481 2328 At
501 2268 577 2327 ille:
602 2268 760 2342 ‘Cuncta’
782 2268 894 2345 inquit,
923 2268 1022 2342 ‘haec
1044 2288 1125 2344 quae
1145 2269 1260 2342 cernis,

306 2366 445 2427 aedificia
463 2366 587 2443 puplica
607 2367 658 2425 uel
679 2367 808 2444 priuata,
826 2367 860 2426 in
881 2366 1023 2443 proximo
1043 2372 1099 2440 eet,
1117 2370 1156 2427 ut
1176 2368 1264 2444 ignis

305 2464 472 2526 absumens
493 2467 527 2525 in
551 2466 688 2526 cinerem
710 2467 891 2525 conuertst'
934 2465 1021 2539 Quod
1039 2463 1095 2523 ille
1115 2466 1260 2539 audieus,

306 2584 378 2624 mox
390 2568 425 2624 ut
435 2564 634 2625 intrauerunt
645 2564 879 2638 monasterium,
893 2563 988 2623 matri
997 2563 1260 2640 congregationis,

307 2664 458 2723 uocabulo
481 2664 627 2739 Aebbaa⁶,
655 2663 777 2724 curauit
804 2663 950 2722 indicare.
992 2664 1038 2721 At
1065 2661 1122 2721 ilia
1145 2663 1263 2722 merito

307 2763 430 2823 turbate
461 2764 499 2823 de
528 2763 584 2822 tali
612 2761 769 2839 praesagio
798 2761 922 2821 uocauit
954 2761 994 2820 ad
1021 2779 1054 2820 se
1081 2761 1198 2834 uirum,
1231 2765 1262 2820 et

307 2861 487 2939 diligentius
511 2861 549 2920 ab
571 2882 607 2920 eo
629 2881 704 2936 rem,
730 2861 782 2920 uel
803 2860 886 2919 unde
908 2859 968 2919 hoc
987 2859 1054 2936 ipse
1074 2863 1191 2932 nosset,
1218 2861 1264 2920 in·

307 2961 457 3038 quirebat.
501 2960 561 3036 Qui
585 2960 648 3020 ait:
683 2960 811 3035 ‘Nuper
831 2961 998 3035 occupatus
1018 2962 1113 3017 noctu
1141 2958 1263 3034 uigiliis

307 3063 337 3118 et
361 3059 498 3137 psalmis
524 3059 590 3118 uidi
612 3059 788 3118 adstantem
809 3057 891 3116 mihi
911 3056 1016 3116 subito
1036 3057 1196 3132 quendam
1217 3058 1263 3116 in·

307 3158 423 3234 cogniti
438 3159 546 3217 uultus
559 3179 567 3231 ;
589 3157 677 3217 cuius
691 3155 867 3234 praesentia
881 3175 952 3215 cum
963 3174 1065 3214 essem
1078 3155 1259 3230 exterritus,

307 3257 385 3316 dixit
406 3257 493 3327 mihi,
517 3278 558 3317 ne
580 3256 747 3329 timerem3
770 3258 802 3315 et
826 3255 916 3332 quasi
938 3253 1087 3314 familiari
1111 3273 1164 3313 me
1184 3275 1263 3314 uoce

307 3357 475 3432 alloquens,
509 3357 614 3416 ‘Bene
644 3355 742 3428 facis’
769 3354 881 3430 inquit,
922 3352 994 3429 ‘qui
1027 3356 1171 3429 tempore
1199 3355 1262 3413 isto

306 3459 477 3515 nocturnae
501 3454 615 3530 quietis
639 3474 704 3513 non
728 3472 840 3512 somno
867 3451 1037 3528 indulgere,
1063 3452 1117 3510 sed
1140 3451 1263 3530 uigiliis

307 3559 337 3614 et
365 3553 556 3613 orationibus
583 3551 729 3612 insistere
758 3550 917 3611 maluisti!
960 3551 1006 3610 At
1034 3570 1111 3628 ego:
1139 3551 1262 3624 ‘Noui'

340 3750 348 3780 ¹
365 3766 475 3812 memor,
487 3753 562 3798 added
573 3765 603 3796 on
614 3753 708 3808 moryr'n
720 3748 754 3797 M.
817 3744 828 3774 ¹
844 3748 918 3796 -misi
930 3746 965 3796 M.
1023 3745 1033 3775 ¹
1050 3748 1170 3810 conspic·
1183 3747 1212 3796 C.
1224 3745 1258 3795 1³¹

307 3831 331 3880 Ι)
343 3829 400 3890 &oq
419 3830 517 3890 suspie·
529 3827 570 3876 W.
585 3829 624 3887 Οἳ.
636 3829 689 3888 01..
808 3825 958 3876 ⁴·miaM¹.
1083 3825 1261 3886 ⁸aebbseG;

307 3910 372 3977 ,ebe
385 3909 426 3968 u;
443 3909 534 3957 ebbae
546 3907 577 3956 Β.
