2859 4334
129 267 188 314 cn,
201 259 297 325 xm]
432 248 547 315 Gentis
568 248 774 334 duplorum.
1015 247 1075 310 171

128 423 194 484 eius
217 423 376 500 acciperet,
401 423 492 484 utin
515 423 718 500 sequentibus
739 421 886 496 dicemus,
910 420 1010 481 factus
1030 425 1078 480 est
1095 433 1225 504 episcopal

128 522 243 582 Diuma
254 521 262 552 ¹
274 541 357 583 unus
377 541 416 582 ex
436 522 584 600 praefatis
598 522 672 581 1111
686 521 897 581 sacerdotibus
915 520 1077 597 episcopus
1093 505 1232 598 ffiffl

127 621 424 681 Mediterransomm
458 621 637 699 Anglorum
676 619 772 680 simul
807 622 839 678 et
877 618 1074 692 Morciorum,

127 718 291 779 ordinatus
318 739 336 778 a
365 719 486 779 Finano
508 719 659 797 episcopo.
705 717 850 778 Paucitae
873 717 959 776 enim
983 735 1077 776 sacer

127 823 237 882 dotum
246 821 373 900 cogebat
381 841 481 881 unum
491 821 666 882 antistitem
678 821 800 880 duobus
809 819 933 897 populis
941 819 1074 896 praefici.

128 918 187 993 Qui
216 939 288 978 cum
313 939 409 996 pauco
433 918 492 980 sub
520 923 659 995 tempore
687 938 752 978 non
781 937 910 995 paucam
939 916 1076 977 Domino

127 1017 251 1093 plebem
271 1018 464 1094 adquisisset,
488 1018 654 1078 defunctus
671 1019 720 1077 est
736 1017 819 1094 apud
833 1017 1077 1077 Mediterraneoe

126 1115 249 1193 Angloe
268 1115 304 1176 in
325 1115 458 1194 regione,
476 1135 555 1194 quae
575 1120 704 1177 uocatur
724 1115 959 1192 infeppingum.
1003 1114 1076 1174 Sus

127 1214 294 1292 cepitque¹
314 1234 372 1291 pro
393 1215 449 1275 illo
474 1216 687 1292 episcopatum
711 1214 864 1288 ceollach,
891 1215 923 1272 et
947 1212 1014 1290 ipse
1038 1212 1077 1271 de

127 1313 254 1372 natione
268 1313 455 1388 Scottorum,
474 1315 528 1391 qui
544 1334 609 1374 non
625 1313 728 1373 multo
746 1316 824 1389 post,
842 1311 950 1372 relicto
965 1311 1077 1389 episco

127 1413 209 1488 patu,
238 1431 380 1472 reuersus
404 1415 452 1472 est
476 1413 514 1473 sd
537 1412 672 1472 insulam
695 1411 762 1488 Hii,
786 1411 842 1470 ubi
866 1409 1076 1487 plurimorum

127 1513 220 1586 caput
230 1513 263 1570 st
271 1529 374 1570 arcem
383 1511 482 1571 Scotti
491 1511 624 1571 habuere
633 1510 876 1584 coenobiorum³3
892 1509 1077 1569 succedente

126 1608 175 1668 illi
189 1608 224 1668 in
239 1610 450 1686 episcopatum
464 1610 632 1670 'I'rumhsri
643 1611 661 1684 ⁴,
680 1610 748 1669 uiro
767 1608 912 1686 religioso
926 1610 958 1667 et
973 1627 1077 1667 mona·

126 1707 213 1766 chica
236 1708 302 1768 uita
323 1709 477 1784 instituto,
503 1709 629 1769 natione
654 1708 781 1785 quidem
799 1707 1007 1784 Anglorum¹,
1021 1706 1076 1765 sed

126 1825 144 1865 a
158 1806 275 1866 Scottis
285 1807 428 1866 ordinato
442 1807 593 1884 episcopo.
623 1808 711 1882 Quod
726 1805 919 1882 temporibus
929 1803 1076 1864 Uulflreri

126 1904 216 1982 regis,
234 1905 273 1966 de
287 1925 350 1982 quo
364 1905 399 1966 in
412 1906 616 1984 sequentibus
629 1906 777 1982 dicemus,
794 1905 912 1964 factum
925 1905 981 1964 est

492 2115 584 2178 OAP.
610 2115 719 2176 XXII.

177 2265 206 2310 Ul
218 2267 344 2312 (bientalee
355 2267 458 2312 Snrom
463 2267 545 2327 fldem,
558 2268 734 2322 quamdudum
745 2267 874 2312 attererem
881 2259 897 2324 ¹,
911 2265 955 2310 sub
964 2277 1014 2320 repe

338 2341 473 2404 studerent
484 2347 632 2402 praedicante
644 2347 722 2404 ceddo,
734 2344 864 2399 receperint.

166 2453 215 2514 Eo
236 2459 374 2534 tempore
395 2457 489 2518 etiam
511 2457 686 2518 Orientales
707 2457 846 2517 Saxones
859 2455 964 2528 fidem,
982 2473 1075 2530 quam
1094 2467 1178 2538 ancon
1179 2481 1231 2512 vvvv

124 2552 211 2628 olim,
242 2555 371 2632 expulso
393 2555 513 2616 Mellito
541 2555 690 2631 antistite,
718 2554 901 2628 abiecerunt,
927 2552 1077 2614 instantia
1093 2527 1236 2630 ΨΜ

124 2653 207 2730 regis
235 2653 354 2714 Osuiu⁸
382 2659 572 2734 receperunt.
634 2656 711 2716 Erat
740 2655 826 2715 enim
854 2674 908 2713 rex
936 2653 1075 2713 eiusdem
1093 2647 1204 2755 ῗῗθέςξ

123 2751 228 2828 gentis
249 2751 420 2830 Sigberct¹,
444 2756 498 2831 qui
525 2757 596 2832 post
624 2753 851 2832 Sigberctum¹¹
870 2755 1076 2829 cognomento
1171 2748 1188 2758 ”

123 2851 267 2910 Paruum
288 2853 441 2929 regnauit,
465 2853 584 2913 amicus
605 2853 747 2913 eiusdem
772 2852 869 2912 Osuiu
895 2853 984 2928 regis,
1009 2851 1072 2927 qui,

122 2968 198 3008 cum
223 2949 402 3027 frequenter
423 2951 461 3013 ad
484 2971 558 3012 eum
583 2953 617 3012 in
639 2952 834 3029 prouinciam
861 2950 1076 3028 Nordanhym·

123 3048 277 3110 brorum¹¹
289 3053 418 3128 ueniret,
432 3052 552 3112 solebat
564 3072 638 3112 sum
648 3051 767 3113 hortari
777 3053 815 3112 ad
826 3050 1074 3128 intellegendum

122 3149 201 3209 deos
228 3169 295 3210 esse
322 3170 386 3210 non
413 3171 511 3228 posse,
542 3151 596 3230 qui
629 3150 795 3211 hominum
830 3150 974 3210 manibus
1001 3147 1075 3208 facti

122 3251 251 3324 cessent3
272 3249 321 3309 dei
335 3250 459 3310 creandi
473 3249 635 3310 materiam
649 3249 773 3328 lignum
793 3249 844 3309 uel
858 3248 995 3325 lapidem
1009 3266 1096 3323 esse„

123 3365 191 3406 non
214 3365 312 3423 posse,
338 3367 471 3424 quorum
495 3349 646 3409 recisurae
668 3348 720 3409 uel
742 3348 806 3426 igni
829 3347 1074 3416 absumerentur,

122 3443 176 3505 uel
199 3444 233 3504 in
255 3465 329 3506 uase
350 3447 504 3523 quaelibet
529 3447 661 3508 humani
685 3467 762 3507 usus
781 3447 999 3516 formarentur,
1023 3443 1075 3502 uel

120 3545 208 3602 certe
231 3541 384 3620 dispectui
406 3545 512 3606 habita
535 3546 618 3606 foras
641 3545 864 3623 proicerentur,
888 3540 1074 3620 etpedibus

156 3681 164 3710 ¹
181 3683 280 3732 diuins
290 3683 324 3735 N.
389 3682 399 3713 ¹
415 3699 467 3747 que
478 3701 524 3735 om.
535 3684 572 3735 bl.
637 3681 648 3716 ¹
665 3684 855 3746 coenubiomm
866 3682 903 3732 ll.
973 3681 983 3710 ⁴
1001 3682 1075 3730 -here

120 3763 164 3822 B;
181 3763 332 3811 triumhere
343 3761 376 3813 N.
465 3765 475 3794 ⁵
491 3763 570 3826 anglo
581 3762 619 3814 M.
704 3761 714 3788 ⁸
731 3765 808 3812 runt
818 3762 855 3812 ll.
942 3759 952 3788 ¹
970 3761 1075 3810 berch·

118 3849 151 3891 to
163 3843 193 3892 Ο.
288 3843 298 3866 ⁸
321 3841 416 3891 osuulu
434 3841 463 3894 G.
482 3847 537 3890 wilt
548 3845 611 3900 final
626 3855 645 3890 u
656 3845 740 3890 mmcd
756 3847 778 3890 tc
794 3841 812 3891 i.
901 3839 912 3870 ¹
928 3839 1019 3889 -barht
1036 3841 1074 3899 ὓς

117 3919 245 3970 -berecth
258 3919 291 3970 ll.
343 3919 363 3950 ¹⁸
379 3921 527 3970 bercetum
540 3921 564 3970 N
575 3937 582 3982 ;
595 3921 793 3984 sigeberchtum
804 3919 834 3970 0.
883 3916 901 3948 ¹¹
919 3920 1032 3970 noman·
1043 3921 1073 3971 C.
