2859 4334
404 151 606 239 Ecpbertura
628 152 846 239 Episcopum.
1036 153 1099 215 421

151 326 233 403 quod
248 326 466 388 estidolorum
485 327 628 402 seruitus,
646 345 710 386 non
731 326 826 386 habet
844 323 1048 385 hereditatem
1067 324 1102 384 in

150 444 247 501 regno
261 425 377 486 Christi
395 430 428 487 et
442 426 521 487 Dei!
563 426 643 487 Cum
665 444 738 502 ergo
757 424 918 501 apostolus
937 422 1102 485 auaritiam

149 526 181 583 et
202 526 400 601 rapacitatem
422 524 597 585 idolatriam
620 523 786 584 manifeste
804 522 1012 600 cognominet,
1029 540 1103 599 quo-

148 622 243 682 modo
259 623 434 701 putandum
451 627 500 684 est
513 642 631 683 errasse
649 643 702 683 eos
712 622 730 697 ¹,
748 620 803 700 qni
822 621 874 681 uel
894 622 931 681 a'
952 621 1104 698 subscrip·

149 720 236 781 tione
261 723 348 783 suari
375 727 538 797 mercatus,
565 742 637 799 rege
663 721 738 781 licet
764 721 946 797 imperante,
970 739 1102 780 manum

148 819 367 897 subtraxerint,
394 821 446 881 uel
466 821 505 881 ad
526 821 695 882 radendas³
718 819 848 879 inutiles
874 818 1042 896 scripturas
1066 838 1102 879 ac

148 918 390 995 subscriptiones
403 939 520 996 earum,
537 939 667 981 manum
681 918 907 996 apposuerint?

193 1034 237 1090 17.
262 1018 305 1077 Et
326 1018 474 1094 quidem*
497 1019 641 1079 miranda
668 1020 716 1078 est
737 1017 898 1077 temeritas
918 1017 1097 1092 stultorum,
1116 1034 1247 1079 macoma

149 1114 200 1175 uel
222 1118 326 1193 potius
351 1117 492 1177 deflenda
513 1117 640 1177 miseria
662 1136 832 1191 caecorum,
858 1115 1007 1193 quicum
1030 1116 1100 1176 sine
1115 1095 1259 1141 “mm

119 1236 124 1243 ·
150 1213 215 1273 ullo
231 1218 375 1291 respectu
389 1216 517 1293 superni
531 1215 661 1289 timoris,
678 1215 796 1293 passim
810 1234 847 1275 ea
859 1214 973 1275 cotidie
982 1216 1001 1289 ⁵,
1019 1234 1100 1292 quae

148 1313 280 1389 apostoli
294 1334 328 1373 sc
342 1315 511 1391 prophetae
524 1314 628 1375 afflatu
640 1314 747 1375 Sancti
757 1314 893 1392 Spiritus
900 1316 1099 1392 scripserunt,

149 1412 323 1473 rescindere
336 1433 371 1473 ac
386 1414 494 1474 nichili
505 1414 641 1491 pendere
654 1414 826 1490 probantur
837 1434 845 1487 ;
865 1414 943 1474 illud
955 1434 973 1473 e
983 1416 1099 1486 contra,

150 1512 232 1586 quod
244 1511 322 1588 ipsi⁶
337 1512 388 1573 uel
403 1512 522 1573 similes
536 1512 694 1590 ipsorum⁷
708 1512 862 1573 instinctu
883 1511 1031 1573 auaritiae
1049 1511 1101 1573 uel

149 1609 289 1679 luxuriae
299 1610 496 1687 scripserunt,
509 1612 598 1688 quasi
612 1614 756 1671 eandum
766 1631 802 1671 ac
811 1611 966 1672 diuinitus
974 1613 1101 1671 cautum

149 1708 271 1767 eradere
284 1711 378 1785 atque
392 1710 557 1770 emendare
567 1708 746 1784 formidant,
757 1710 792 1769 in
805 1729 935 1784 morem,
948 1709 985 1769 ni
997 1710 1098 1783 fallor,

149 1806 353 1882 ethnicorum,
374 1807 436 1884 qui,
458 1811 637 1886 contempto
663 1809 747 1869 ueri*
769 1808 829 1870 Dei
849 1809 945 1883 cultu,
965 1828 1000 1869 ea
1024 1828 1101 1885 qnae

148 1905 209 1981 ipsi
229 1905 289 1964 sibi
311 1905 349 1965 de
370 1907 461 1967 corde
482 1926 539 1967 suo
563 1906 725 1969 finxerunt
745 1928 780 1969 ac
802 1908 951 1981 fecerunt,
969 1906 1102 1969 numina

149 2006 349 2079 uenerantur,
383 2005 507 2079 timent,
544 2006 660 2079 colunt,
698 2007 839 2081 adorant,
868 2010 900 2067 et
927 2006 1098 2080 obsecrant,

149 2102 305 2163 dominica
324 2102 380 2163 illa
396 2102 623 2165 insectatione⁹
644 2105 830 2182 dignissimi,
849 2126 910 2182 qua
924 2104 1098 2178 Phanaeus,

149 2221 222 2260 cum
236 2220 309 2261 suas
323 2202 499 2264 deuteroses
509 2201 530 2235 ¹⁰
542 2203 603 2282 legi
615 2204 674 2265 Dei
683 2207 916 2281 praeponerent,
930 2202 1097 2281 redarguit,

149 2300 276 2360 dicens:
302 2300 422 2375 ‘Quare
442 2305 474 2361 et
495 2322 551 2363 uos
571 2302 824 2381 transgredimini
844 2303 1028 2363 mandatum
1042 2302 1101 2362 Dei

9 2388 28 2419 '¹
148 2402 276 2477 propter
287 2399 489 2461 traditionem
500 2402 683 2463 uestram‘i'
718 2402 780 2479 Qui
792 2403 821 2461 si
829 2400 848 2431 ¹¹
863 2402 957 2462 etiam
971 2398 1100 2461 cartas¹¹

147 2497 335 2573 protulerint
349 2499 383 2558 in
403 2499 617 2560 defensionem
635 2500 954 2578 concupiscentiarum
970 2520 1099 2561 suarum

147 2595 326 2674 adscriptas,
342 2616 378 2657 ac
394 2598 548 2659 nobilium
566 2618 769 2676 personarum
786 2600 1011 2677 subscriptione
1031 2619 1100 2660 oon·

149 2694 311 2769 firmata-53
336 2697 371 2755 tu
396 2716 568 2773 nunquam,
592 2718 709 2775 precor,
734 2698 907 2759 dominicae
929 2698 1100 2759 sanctionis

34 2818 44 2847 ι
149 2793 349 2869 obliuiscaris,
362 2792 441 2871 qua¹
464 2795 595 2857 dicitur:
620 2798 750 2857 ‘Omnis
757 2798 919 2875 plantatio,
931 2817 1026 2874 quam
1034 2816 1099 2858 non

147 2892 302 2969 plantauit
317 2892 412 2953 Pater
426 2912 515 2953 meus
529 2894 675 2969 caelestis,
693 2896 918 2957 eradicabitur!
960 2896 1002 2956 Et
1016 2899 1100 2955 cerie

147 2994 211 3051 ate
221 2990 337 3051 discere
351 2992 475 3068 uellem,
489 2992 690 3055 dilectissime
700 2995 720 3027 ¹⁴
733 2994 873 3069 antistes,
885 2994 1021 3055 Domino
1034 3014 1101 3071 pro·

10 3112 20 3139 a
32 3092 82 3137 vii
94 3104 129 3146 ¹³.
148 3093 284 3149 testante
302 3110 337 3150 ac
355 3089 487 3164 dicente,
504 3092 577 3168 quia
595 3092 673 3153 ‘lata
685 3097 775 3171 porta
790 3096 822 3153 et
835 3093 971 3170 spatiosa
980 3093 1032 3153 uia
1040 3096 1096 3167 est,

9 3172 20 3199 ²
148 3208 226 3265 quae
245 3189 330 3249 ducit
348 3189 387 3249 ad
401 3190 619 3267 perditionem,
637 3194 668 3251 et
682 3191 778 3252 multi
798 3195 881 3267 sunt,
906 3191 961 3268 qui
981 3191 1101 3253 intrant
1163 3247 1174 3265 ,

146 3307 202 3364 per
216 3308 308 3363 eam;
329 3308 423 3366 quam
440 3292 573 3367 angusta
589 3295 679 3367 porta
700 3293 732 3351 et
754 3294 821 3351 arta
843 3290 895 3351 uia
916 3294 964 3351 est
976 3291 1006 3367 ¹⁶,
1024 3310 1102 3368 quae

146 3387 232 3447 ducit
242 3387 281 3447 ad
293 3387 399 3465 uitam,
412 3391 443 3449 et
454 3389 543 3466 pauci
553 3390 661 3465 sunt,¹‘
671 3390 725 3468 qui
735 3389 1010 3465 inueniunteam’;
1027 3391 1101 3468 quid

181 3527 313 3581 ²eoserr.
326 3532 361 3582 M.
427 3531 524 3583 ’acra
539 3534 574 3583 Η.
640 3533 788 3584 'erud-ll.
854 3534 991 3596 ‘quidem
1002 3551 1047 3585 cra.
1062 3535 1098 3586 M.

147 3609 377 3661 'cotidiecralt
452 3610 545 3674 ‘ipsis
557 3613 592 3662 M.
661 3609 671 3639 ¹
699 3628 792 3661 eorum
804 3612 840 3663 ll.
906 3610 989 3662 'ueri
1001 3614 1096 3665 omli.

146 3688 157 3719 '
173 3688 319 3738 infectione
331 3690 367 3738 H.
379 3690 414 3739 M.
538 3688 557 3719 ¹⁰
571 3704 625 3739 -saa
637 3692 683 3751 113
700 3696 749 3741 -als
760 3691 796 3743 a.
889 3688 907 3719 ¹¹
924 3693 1001 3753 quasi
1013 3692 1048 3742 H.
1061 3691 1096 3743 Μ.

146 3762 500 3825 “Halflrstrcrotccaritaa
579 3768 758 3833 ”inquam
843 3769 1096 3821 ¹⁴ssnctiseimeu.

146 3847 168 3879 ²⁵
184 3852 282 3899 estem.
294 3850 330 3899 H.
388 3850 647 3912 ¹⁸sintH30nall.
