2859 4334
144 279 206 332 cn.
219 275 304 342 x1v.]
448 268 563 336 deuiis
586 261 797 356 duplorum
1034 271 1095 336 155

141 441 321 516 prouinciae
336 443 488 504 Deroru'm
507 447 626 521 septem
640 445 731 504 annis
744 445 779 505 in
797 444 935 505 maxima
952 445 1096 506 omnium

141 557 249 598 rerum
270 539 435 616 affluentia,
463 544 582 622 etipse
608 543 752 604 umnbilie
779 544 926 604 omnibus
952 543 1093 620 praefuit

141 635 205 698 Sed
229 657 288 698 nee
312 659 384 700 eum
412 660 448 700 eo
475 641 537 717 ille,
565 642 620 720 qui
646 645 779 702 ceteram
806 643 1096 703 Tmnshumbrenee

140 737 248 814 gentis
275 741 393 814 partem
413 739 452 800 ab
474 741 640 818 Aquilone,
669 740 701 800 id
724 743 772 801 eet
793 740 1007 801 Bernieiorum
1030 762 1097 819 pre-

141 833 288 910 uiueium,
316 837 448 913 regebat,
472 838 584 898 habere
601 858 708 916 peeem
728 839 851 916 potuit5
882 838 959 916 quin
980 840 1092 917 petius,

140 931 431 1010 ingrauescentibus
450 937 551 997 causis
565 938 805 1012 dissensionum,
822 937 997 998 miserrima
1010 938 1095 1000 hune

140 1032 234 1092 enede
258 1034 397 1109 peremit
442 1035 604 1112 Siquidem
624 1039 808 1114 congregato
831 1040 938 1096 eontra
959 1037 1094 1098 inuieem

139 1131 288 1207 exercitu,
312 1153 383 1193 eum
408 1133 528 1194 uideret
551 1153 584 1194 se
606 1135 719 1195 Osuini
739 1155 810 1195 eum
830 1135 895 1211 illo,
915 1135 970 1212 qui
990 1137 1095 1213 plures

140 1227 277 1289 habebut
289 1231 473 1307 auxiliarios,
492 1253 556 1293 non
571 1253 660 1310 posse
673 1233 756 1293 bello
763 1234 934 1310 confligere,
948 1238 1095 1295 natusest

139 1327 253 1388 utilius
274 1332 349 1388 tune
373 1330 524 1392 demissa¹
549 1332 724 1393 intentione
745 1332 890 1408 bellandi,
915 1353 1039 1394 seruare
1061 1355 1095 1396 se

137 1427 177 1486 ed
201 1429 343 1504 tempora
361 1429 497 1492 meliore
542 1431 674 1492 Remisit
697 1451 771 1508 ergo
794 1425 974 1506 exereitum,
1000 1452 1093 1509 quem

138 1532 389 1604 eongregauerat‚
421 1548 456 1588 ae
486 1528 627 1606 singulos
655 1529 785 1590 domum
812 1531 911 1590 redire
937 1533 1092 1610 praecepit

137 1643 156 1684 a
178 1624 256 1700 loco,
275 1625 329 1702 qui
350 1631 478 1688 uocetur
492 1625 729 1704 Uilfuresdun²,
746 1628 779 1688 id
799 1631 846 1689 eet
860 1649 952 1689 mons
966 1630 1088 1706 Uilfari,

136 1727 169 1782 et
196 1727 245 1784 est
265 1743 283 1783 e
304 1725 372 1784 uieo
393 1727 594 1787 cataractone
614 1726 646 1786 X
666 1727 765 1786 ferme
788 1725 919 1787 milibus
941 1747 1091 1804 passuum

136 1826 250 1882 eontra
262 1823 475 1884 solstitialem³
490 1844 633 1885 oceasum
643 1829 795 1898 secretum
816 1825 1005 1903 diuertitque
1025 1828 1091 1905 ipse

135 1941 212 1980 eum
235 1941 299 1982 uno
318 1925 442 1984 uentum
463 1923 564 1984 miliie
583 1923 643 1983 sibi
662 1921 824 1998 fidissimo,
848 1926 977 1985 nemine
991 1927 1092 1987 Tond-

135 2019 206 2080 heri
216 2021 235 2095 ⁴,
267 2021 416 2081 celandus
440 2021 474 2081 in
502 2023 631 2082 domum
653 2022 776 2082 domitis
796 2023 969 2099 Hunualdi,
994 2045 1089 2101 quem

134 2119 235 2178 etiam
257 2119 359 2195 ipsum
381 2121 441 2182 sibi
462 2120 685 2180 emieieeimum
707 2121 895 2181 autumabat
933 2122 995 2183 Sed
1014 2123 1086 2200 heu,
1109 2139 1263 2194 neusouuy

132 2237 192 2294 pro
216 2219 324 2280 dolor!
352 2220 444 2298 longe
465 2220 555 2280 aliter
575 2222 659 2294 erat;
687 2240 762 2280 num
785 2220 824 2280 ab
847 2221 957 2281 eodem
977 2222 1090 2283 eomite
1106 2201 1261 2316 ffffffi,

131 2317 297 2394 proditum
321 2339 393 2379 eum
414 2319 511 2380 Osuiu
533 2338 606 2378 eum
628 2319 764 2396 praefate
787 2318 885 2395 ipsius
908 2319 1009 2380 milite
1032 2341 1089 2398 per

131 2417 327 2492 praefectum
361 2438 456 2478 suum
490 2418 698 2478 Ediluiuum⁶
732 2419 914 2478 detestande
941 2419 1088 2482 omnibus

131 2519 238 2574 morte
260 2515 420 2577 interfeeie
465 2517 554 2592 Quod
575 2518 692 2577 factum
714 2519 762 2577 eet
782 2517 832 2576 die
853 2516 955 2578 xlm
975 2518 1088 2578 Kalen·

128 2614 247 2674 darum
268 2614 508 2692 Septembrium,
531 2635 615 2676 anno
636 2615 725 2693 regni
745 2617 812 2676 eius
833 2635 924 2690 nono,
948 2616 982 2676 iu
1007 2617 1082 2693 loeo,

127 2713 187 2791 qui
210 2713 325 2774 dieitur
344 2713 582 2792 ingetlingum
611 2714 663 2775 ubi
683 2715 892 2792 postmodum,
916 2715 1087 2794 castigandi

127 2813 228 2872 huius
250 2813 394 2873 facinoris
412 2815 517 2890 gratie,
540 2814 765 2874 monasterium
785 2816 999 2874 constructum
1020 2817 1086 2890 eet;

126 2911 162 2972 in
186 2931 251 2989 quo
267 2932 323 2988 pm
343 2912 505 2990 utriusque
522 2913 610 2991 regis,
628 2916 661 2973 et
682 2911 774 2973 oeeisi
786 2912 940 2986 uidelicet,
959 2914 1082 2988 eteius,

125 3012 186 3089 qui
201 3011 338 3071 occidere
355 3011 454 3084 iussit,
471 3011 595 3072 animae
614 3010 806 3072 redemtione
823 3010 935 3072 cotidie
949 3011 1085 3073 Domino

124 3129 238 3188 preces
252 3108 353 3169 offerri
367 3110 522 3172 deberent

170 3209 251 3268 Erat
277 3212 382 3268 autem
410 3228 463 3268 rex
491 3208 620 3268 Oeuini⁶
647 3213 679 3270 et
709 3212 833 3286 aspectu
862 3212 1023 3284 uenustus,
1053 3213 1085 3270 et
1101 3223 1251 3280 Hubeauty

123 3311 252 3369 stature
264 3307 416 3383 sublimis,
428 3310 459 3367 et
472 3309 585 3368 affatu⁷
594 3307 757 3382 ineundus,
768 3310 801 3367 et
809 3308 948 3369 moribus
955 3308 1081 3384 ciuilis⁸‚
1101 3284 1225 3387 pigmen

123 3409 158 3464 et
182 3421 280 3464 manu
301 3403 456 3478 omnibus,
476 3403 508 3463 id
530 3405 578 3463 est
597 3403 755 3464 nobilibus
775 3403 870 3463 simul
890 3407 984 3480 etque
1000 3404 1084 3480 igne
1101 3402 1238 3450 enudetur.

122 3502 256 3576 bilibus,
280 3501 404 3580 largus3
433 3502 517 3562 unde
541 3502 679 3580 contigit,
705 3507 742 3562 ut
766 3502 805 3562 ob
827 3501 944 3580 regiam
966 3503 1032 3563 eius
1052 3507 1084 3563 et

158 3681 166 3708 ¹
187 3679 302 3729 dimisse
313 3681 345 3732 N.
360 3681 398 3730 (Ρ.
411 3681 452 3732 B'.
571 3681 581 3710 ²
598 3681 765 3732 uilfereeddn
778 3682 798 3732 G
810 3697 817 3742 ;
833 3680 1027 3730 ussfaeraesdun
1039 3683 1062 3730 B
1074 3699 1081 3744 ;

120 3757 344 3808 uilrnraes-duun
356 3760 388 3810 N.
488 3759 498 3788 ³
515 3759 729 3810 selemetitiulem
742 3761 777 3810 Μ.
880 3761 890 3792 ⁴
907 3761 982 3809 -here
993 3761 1024 3810 N.
1038 3760 1080 3813 13².

117 3839 130 3870 ³
147 3838 340 3888 aediluuiuum
352 3839 380 3889 0.
496 3840 507 3869 ⁸
521 3854 566 3888 -ne
578 3839 611 3888 B'
624 3855 631 3900 ς
648 3840 757 3888 eeuuini
769 3840 798 3889 C.
913 3837 923 3866 ⁷
939 3839 1035 3889 affeetu
1047 3841 1071 3889 N

116 3919 128 3946 ¹
150 3917 273 3968 eiuibilis
285 3917 313 3967 C.
