2859 4334
145 289 289 354 cn.v11.]
460 279 578 347 Gentis
600 282 805 367 Anplorum.
1027 285 1093 350 219

143 459 273 516 uocatur
286 456 458 517 cerotaesei
467 457 485 531 ¹,
496 457 529 516 id
544 460 592 516 est
603 455 723 518 Oeroti²
734 455 839 517 insule
852 479 859 533 ;
880 456 977 517 sorori
990 459 1094 517 eutem

143 555 177 614 in
187 555 414 616 Orientalium³
425 555 585 614 Saxonum
595 555 762 632 prouincia
775 557 810 615 in
825 556 900 631 loco,
912 557 966 633 qui
981 576 1097 616 nuncu·

143 657 236 732 pntur
259 655 300 714 In
326 654 532 732 Berecingum
542 655 561 730 ⁴,
589 654 623 714 in
648 675 709 732 quo
734 656 802 731 ipsa
823 655 889 714 Deo
911 656 1095 715 deuoterum

143 756 245 813 mater
272 773 307 813 ac
334 754 441 812 nutrix
468 757 572 830 posset
600 754 730 814 existere
760 754 957 813 feminarum.
1011 753 1096 828 Quae

143 854 289 927 suscepto
309 852 490 912 monasterii
511 852 670 929 regimine,
688 852 876 930 condignam
894 872 927 911 se
947 853 982 911 in
999 853 1098 911 omni·

142 950 202 1009 bus
216 951 359 1028 episcopo
379 951 481 1025 fratre,
500 954 531 1011 et
552 951 618 1028 ipsa
637 955 721 1010 recte
740 952 883 1025 uiuendo,
901 954 933 1011 et
951 951 1097 1011 subiectis

144 1049 329 1126 regulariter
354 1050 410 1108 ac⁶
438 1050 489 1126 pie
516 1050 705 1110 consulendo
736 1049 899 1127 praebuit;
933 1053 970 1110 ut
1001 1051 1096 1110 etiam

144 1147 287 1208 caelestia
307 1148 422 1209 indicio
444 1148 530 1208 luere
551 1149 709 1210 miracula

528 1368 620 1430 CAP.
637 1367 713 1430 VH.

148 1538 177 1584 Ul
187 1539 215 1582 in
226 1539 364 1583 monadem
374 1538 519 1584 Ben'cineaei
527 1531 542 1596 ⁸,
553 1538 595 1584 aa
605 1551 697 1594 corpora
708 1537 927 1583 saudimoniulium
931 1531 1100 1593 scultennam*

343 1617 897 1674 mniacccanaczeeuceucemcmcarum.

187 1747 226 1808 Iu
240 1749 299 1808 hoc
313 1750 430 1810 etenim
444 1737 633 1810 monasterio
647 1749 737 1826 plura
751 1750 906 1810 uirtutum
921 1752 996 1810 sunt
1009 1749 1099 1827 signa
1116 1766 1233 1837 ueraque
1243 1769 1273 1824 ae

145 1849 271 1922 patrata
303 1868 381 1926 quae
411 1850 464 1909 et*
496 1849 535 1909 ad
570 1850 755 1909 memoriam
789 1849 1097 1924 aedificationemque
1116 1827 1236 1880 Barkmg.

145 1948 346 2022 sequentium
374 1947 413 2008 ab
440 1949 498 2022 his,
530 1948 583 2024 qui
611 1967 735 2021 nouere,
763 1948 916 2023 descripta
943 1947 1099 2006 habentur

144 2063 162 2104 a
182 2045 314 2120 multis;
336 2047 479 2124 equibus
497 2049 529 2106 et
546 2066 604 2106 nos
622 2046 727 2123 aliqua
746 2045 893 2106 historiae
912 2048 1035 2105 nostrae
1055 2065 1100 2105 ec·

145 2143 333 2204 olesiasticne
351 2145 485 2204 inserere
499 2145 684 2206 curauimus
726 2145 806 2205 Cum
822 2146 990 2220 tempestas
1007 2164 1099 2221 saepe

146 2243 266 2303 diotae’
290 2243 385 2303 cladis
409 2243 471 2303 late
496 2246 607 2303 cuncta
631 2244 831 2320 depopulans,
858 2243 952 2302 etiam
977 2246 1097 2320 purtem

145 2342 327 2402 monasterii
335 2342 430 2402 huius
446 2342 561 2418 ⁰illam‚
574 2363 635 2419 qua
643 2343 702 2402 uiri
715 2342 909 2416 tenebantur,
921 2341 1095 2417 inuasisset,

146 2443 178 2499 et
201 2441 318 2516 passim
342 2441 454 2501 cotidie
479 2444 661 2518 raperentur
683 2441 723 2500 ad
745 2440 937 2514 Dominum;
965 2441 1099 2500 sollicita

146 2542 247 2597 mater
260 2539 514 2617 congregationis,
533 2559 593 2616 qua
606 2539 682 2599 hora
696 2540 791 2598 eiiam
806 2559 875 2598 eam
888 2540 1070 2600 monasterii
1079 2537 1100 2569 ¹¹

146 2641 276 2713 partem,
301 2657 360 2714 qua
384 2639 573 2698 aucellarum
600 2637 659 2697 Dei
682 2640 805 2697 caterua
828 2657 847 2696 e
869 2637 1008 2698 uirorum
1033 2642 1098 2698 erat

147 2738 264 2796 secreta
285 2736 497 2811 contubernio,
515 2737 623 2797 eadem
642 2736 732 2815 plaga
745 2739 895 2814 tangeret,
914 2737 1050 2798 crebrius
1063 2738 1098 2796 in

147 2837 305 2894 conuentu
320 2854 460 2895 sororum
474 2837 651 2913 perquirere
665 2837 774 2912 eoepit,
791 2855 853 2912 quo
868 2835 928 2895 loci
942 2838 976 2895 in
995 2855 1099 2896 mone-

146 2934 242 2993 sterio
263 2953 389 3010 corpora
413 2953 469 2994 sua
492 2935 575 3010 poni,
601 2937 632 2994 et
657 2935 857 3012 cymiterium
878 2934 947 2993 fieri
970 2935 1095 3009 uellent,

146 3051 219 3094 cum
230 3051 282 3092 eas
296 3033 413 3108 eodem,
426 3053 488 3110 quo
499 3036 616 3092 ceteros
627 3033 813 3094 exterminio
826 3033 940 3110 rapteri
951 3053 969 3092 e
980 3033 1100 3093 mundo

145 3131 348 3208 contingeret.
397 3132 540 3209 Cumque
574 3131 655 3192 nihil
683 3133 758 3192 certi
793 3131 942 3209 responsi,
973 3132 1099 3192 tametsi

145 3229 270 3308 saepius
289 3231 459 3307 inquirens,
481 3251 500 3291 a
520 3231 677 3290 sororibus
696 3231 872 3307 accepisset,
896 3231 1013 3308 accepit
1032 3231 1098 3307 ipsa

144 3347 219 3388 cum
248 3329 395 3390 omnibus
423 3331 632 3391 certissimum
663 3349 817 3407 supernae
839 3329 1027 3406 prouislonis
1054 3349 1097 3390 re

143 3445 304 3504 sponsum.
350 3429 430 3490 Cum
455 3429 541 3488 enim
566 3432 656 3490 nocte
679 3429 821 3504 quadem,
846 3427 978 3503 expletis
1001 3431 1099 3489 matu·

142 3525 230 3587 tinae
252 3526 353 3587 laudis
377 3527 567 3606 psalmodiis,
589 3547 729 3606 egressae
750 3526 789 3587 de
809 3525 942 3588 oratorio
962 3525 1098 3588 famulae

176 3691 185 3722 ¹
202 3693 330 3742 cerotesei
343 3693 372 3742 G.
463 3689 475 3723 ¹
492 3693 591 3742 ceoroti
604 3693 641 3753 03
658 3690 762 3741 ocrothi
773 3691 806 3740 N.
887 3690 899 3722 ⁸
915 3695 1060 3741 cenwines
1070 3696 1097 3740 in

142 3765 187 3828 ul
205 3767 289 3816 -libus
301 3767 339 3827 Ο;
356 3767 387 3816 -li
399 3767 460 3818 edd.
616 3767 625 3796 ⁴
644 3763 800 3830 bercingum
812 3766 842 3818 O.
995 3767 1005 3795 ⁸
1022 3769 1049 3815 et
1061 3767 1097 3817 li.

142 3843 323 3895 'bernicensi
336 3845 369 3896 N.
463 3843 898 3906 'femmarumfflaueacnmarfin
910 3845 945 3894 M.
1044 3844 1097 3895 'et

144 3941 191 3975 our.
198 3925 231 3974 B.
242 3925 286 3986 ΑΙ.
299 3924 338 3984 a.
351 3925 380 3988 0,
393 3924 437 3976 ac.
505 3925 516 3955 ⁹
532 3924 649 3976 dictati.
716 3925 735 3954 ¹⁹
751 3925 810 3974 eius
817 3925 851 3976 N.
917 3921 935 3950 ¹¹
951 3923 987 3974 ·ri
996 3923 1032 3975 u.
