2859 4334
368 237 430 302 126
489 235 647 302 Historia
656 233 891 300 Ecclesiastico
901 231 1016 300 Gestis
1027 229 1230 317 Aoqbnum.

366 407 566 470 Eanfledsm¹
589 409 696 483 filium,
713 411 745 468 ot
766 407 940 468 Uuscfrean
956 406 1060 466 filium
1079 401 1237 477 AEduini²‚
1256 421 1302 463 uec

366 527 431 568 non
453 511 485 569 et
498 508 561 567 Yffi
583 507 685 568 filium
707 507 824 567 osfridi
837 505 896 567 filii
912 505 988 580 eius,
1006 524 1084 582 quos
1097 505 1205 580 posteo
1216 505 1301 562 mutor

366 610 453 666 metu
479 606 631 666 Eadbaldi
655 609 687 666 et
711 605 861 666 Osuoldi⁸
882 624 994 682 regum
1018 601 1106 662 misit
1126 602 1161 662 in
1181 599 1300 661 Gallum

368 705 372 780 Ι
389 705 572 765 nutriendos
587 705 650 782 regi
665 705 876 782 Deegberscto
884 702 905 778 ⁴,
922 702 977 780 qui
997 703 1065 762 erat
1081 701 1200 760 amicus
1218 698 1298 770 illius.
1312 705 1368 759 tot

365 803 472 880 ibique
485 804 576 864 ambo
590 804 624 863 in
639 803 773 864 infantis
787 801 935 876 defuncti,
952 804 985 860 et
998 801 1087 860 iuxts
1099 799 1248 859 honorem
1259 795 1300 856 uel

365 901 460 978 regiis
480 902 586 978 pueris
608 902 660 961 uel
683 900 903 962 innocentibus
924 898 1044 961 Christi
1067 894 1299 975 congrnnm'in

366 1000 495 1060 ecclesis
522 1000 638 1078 sepulti
666 1004 750 1061 sunt.
803 1001 925 1060 Attulit
948 1000 1094 1076 quoqus⁸
1115 1017 1220 1056 secum
1240 1013 1301 1054 ms

365 1100 500 1176 pretioso
512 1098 670 1159 Aeduini²
685 1099 767 1177 regis
784 1099 938 1176 perplura,
955 1099 991 1158 in
1010 1097 1125 1175 quibus
1145 1097 1177 1155 et
1196 1111 1300 1154 crucem

365 1217 513 1276 magnam
533 1218 667 1273 auream,
684 1201 716 1258 et
735 1197 884 1258 culicem⁷
897 1217 1028 1257 aureum
1046 1197 1255 1255 consecratum
1269 1190 1300 1251 sd

365 1296 578 1357 ministerium
593 1297 708 1371 ulteris,
727 1317 806 1374 quse
820 1296 972 1356 hactenus
991 1296 1026 1355 in
1047 1293 1178 1354 ecclesis
1191 1291 1301 1353 emtis

366 1397 548 1455 conseruate
568 1399 793 1456 monstrantur.

218 1519 294 1551 esne
408 1493 477 1568 Quo
490 1493 525 1552 in
540 1497 679 1569 tempore
690 1493 858 1553 Hrofensis
871 1491 1000 1552 ecclesis
1013 1493 1173 1570 pastorem
1186 1487 1300 1550 minime

236 1579 265 1668 „⁸
294 1639 310 1670 ὃ
366 1586 508 1661 habebat,
521 1607 558 1647 eo
573 1587 655 1664 quod
671 1588 832 1647 Romanus
846 1587 970 1664 praesul
984 1586 1071 1646 illius
1085 1587 1125 1646 ed
1140 1582 1300 1646 Honorium

223 1698 243 1728 ’0
315 1699 333 1732 r·
366 1705 476 1762 papam
492 1705 510 1744 a
525 1686 612 1746 Iusto
626 1685 854 1762 archiepiscopo
868 1685 1037 1763 legatarius
1046 1686 1165 1745 missus
1176 1682 1300 1743 absortu

365 1785 466 1843 fuerat
485 1784 631 1844 fluctibus
651 1784 756 1845 Itelici
773 1784 891 1858 moris;
911 1803 948 1843 uc
965 1802 1021 1860 per
1039 1783 1100 1843 hoc
1113 1801 1219 1842 curum
1230 1778 1301 1838 illius

364 1882 522 1958 praefatus
547 1881 700 1942 Paulinus
728 1882 918 1943 inuitatione
945 1881 1081 1942 Honorii
1109 1877 1301 1941 antistitisot

365 1979 538 2040 Eadbaldi⁸
553 1981 634 2056 regis
653 1981 837 2056 suscepitur
851 1981 963 2055 tenuit,
979 2000 1082 2057 usque
1102 1980 1180 2041 dum
1199 1982 1230 2039 et
1246 1977 1301 2052 ipse

366 2098 421 2137 suo
447 2081 587 2154 tempore
613 2078 653 2138 ed
681 2079 826 2139 caelestia
849 2098 946 2154 regns
967 2098 1040 2138 cum
1063 2078 1191 2156 gloriosi
1213 2077 1301 2136 naen
1386 2078 1387 2081 ’

365 2177 479 2236 laboris
507 2177 653 2237 escendit
712 2177 753 2236 In
782 2197 843 2254 qua
869 2177 996 2236 ecclesis
1023 2177 1164 2237 moriens
1187 2174 1301 2253 pellium

365 2295 495 2353 quoque,
513 2276 628 2353 quoda
643 2277 785 2336 Romano
799 2295 878 2352 popu
891 2280 1057 2352 occeperat,
1075 2275 1212 2352 reliquit

192 2382 345 2428 Hmnmos
406 2375 586 2450 Reliquerst
607 2378 712 2434 autem
734 2375 769 2433 in
789 2374 919 2434 ecclesis
939 2395 996 2434 sus
1016 2373 1154 2434 Eburuci
1172 2372 1302 2434 Iacobum

192 2443 330 2548 ffinfm
364 2471 536 2546 diaconum,
546 2471 652 2532 uirum
661 2473 770 2550 utique
781 2473 1041 2533 ecclesiasticum’
1052 2476 1085 2534 st
1098 2476 1248 2546 muctam,
1260 2467 1304 2547 qui

364 2571 466 2631 multo
490 2571 603 2631 exhinc
630 2573 772 2648 tempore
799 2571 834 2630 in
862 2571 990 2631 ecclesis
1017 2591 1160 2647 manens,
1190 2585 1304 2646 magnos

363 2665 493 2741 antiquo
510 2665 595 2724 hosti
613 2666 743 2742 praedes
761 2665 901 2725 docendo
922 2668 954 2724 et
975 2664 1163 2742 baptimdo
1184 2661 1305 2741 eripuit3

364 2763 453 2822 cuius
471 2763 599 2822 nomine
620 2763 716 2836 uicus,
735 2763 770 2822 in
788 2783 850 2840 quo
871 2763 1010 2824 maxime
1028 2764 1150 2824 solebat
1167 2761 1301 2828 habitan,

363 2861 451 2921 iuxta
472 2861 665 2922 Cataractsm
675 2863 704 2932 ¹⁰,
723 2881 821 2937 usque
842 2861 937 2921 hodie
955 2862 1205 2939 cognominatur.
1243 2855 1303 2932 Qui,
1384 2914 1385 2919 ,

365 2957 680 3035 quonism'cuntendi
701 2960 737 3018 in
758 2959 887 3019 ecclesis
905 2963 973 3019 erut
992 2960 1214 3037 peritissimus,
1235 2974 1305 3017 recu

364 3061 469 3132 perata
477 3058 799 3134 postmodumpcceiu
807 3057 1305 3133 prouinciuetcresoentenumero

364 3154 514 3230 fidelium,
526 3156 620 3215 etium
635 3156 785 3233 magister
797 3155 1022 3216 ecclesiasticae
1035 3157 1193 3217 cuntionis
1199 3153 1217 3184 ¹¹
1230 3153 1306 3213 iuxta

365 3237 513 3311 morem¹²
527 3254 741 3313 Romanorum
755 3254 823 3313 siue
836 3254 1079 3316 cantuariorum
1091 3254 1206 3315 multis
1217 3247 1306 3325 coepit
1383 3294 1384 3323 2

366 3350 517 3424 existere;
551 3354 584 3411 et
612 3351 678 3428 ipse
712 3371 808 3411 senex
841 3371 877 3412 oc
913 3353 1029 3428 plenus
1059 3353 1193 3428 dienrm,
1229 3350 1308 3410 iuxta
1320 3342 1352 3446 {ff

365 3443 539 3520 scripturus,
563 3446 688 3521 patrum
709 3446 796 3506 nium
815 3450 941 3508 secutus
962 3449 1020 3508 est

399 3581 407 3610 ¹
425 3585 489 3633 ·dsn
502 3587 531 3636 0.
580 3585 590 3613 ¹
606 3604 627 3636 o.
639 3593 690 3636 nole
701 3587 717 3649 ⁶,
732 3603 756 3651 p.
771 3603 827 3650 125.
892 3589 902 3616 ¹
920 3589 1045 3638 osuualdi
1059 3591 1087 3640 C.
1147 3589 1158 3619 ⁴
1172 3587 1274 3637 -berbto
1283 3582 1309 3631 C·

363 3661 376 3754 ,ὅ
391 3677 446 3710 -nm
459 3663 494 3713 Μ.
528 3664 642 3714 ‘sutem
654 3667 682 3716 G.
717 3664 859 3716 'boumn
871 3669 1167 3727 stewwdsetcnlicem,
1178 3669 1311 3717 Nm*

364 3809 470 3864 “stertit
480 3810 672 3872 Mser-note,
687 3811 766 3870 p.80.
833 3773 969 3864 'gibaldi
980 3811 1013 3860 N.
1075 3801 1312 3861 'eoelestiml
1382 3768 1383 3819 l

365 3879 384 3906 ²⁴
401 3885 518 3934 -tumm
584 3884 601 3914 ²¹
618 3889 818 3938 cantationisll.
886 3887 906 3916 ¹¹
921 3905 1025 3939 morem
1035 3889 1128 3941 ΜΗ.
1137 3891 1183 3952 11..
