2859 4334
170 260 230 310 cs.
244 256 303 322 xi]
468 247 582 316 semu
603 248 809 335 Aequum.
1050 252 1114 313 301

168 420 262 481 etiam
284 420 419 499 paganis,
441 422 495 499 qui
516 442 569 483 eos
585 423 759 484 occiderent
767 423 786 497 ¹,
807 424 1010 484 intuentibus
1055 423 1117 484 Sed

167 524 200 579 et
224 540 308 580 unus
329 540 367 579 ex
391 520 492 583 eisin
515 520 635 582 uisione
658 526 811 584 nocturna
831 524 973 600 apperuit
993 522 1116 583 cuidam

167 618 208 678 de
224 618 334 679 sociis'
352 618 425 693 suis,
443 619 494 680 cui
512 640 629 681 nomen
650 623 716 681 orat
735 621 870 696 Tilmon‚
892 622 960 681 uiro
978 621 1114 695 inlustri,

166 718 260 777 etad
285 718 442 778 saeculum
469 739 590 796 quoque
617 720 725 795 nobili,
753 720 806 797 qui
831 720 870 780 de
894 720 995 781 milite
1019 721 1119 780 iactus

165 815 287 875 iuerat⁸
314 817 505 891 monachus;
540 816 690 893 indicans,
721 820 803 896 quod
834 839 871 879 eo
902 818 962 879 loci
992 839 1118 895 corpora

165 933 274 973 eorum
302 917 407 992 posset
438 914 588 991 inuenire,
621 916 675 977 ubi
705 916 809 978 lucem
841 919 879 978 de
911 917 994 978 caelo
1025 918 1117 978 terris

166 1012 302 1073 radiasse
325 1013 524 1091 conspiceret
569 1016 659 1091 Quod
686 1015 732 1075 ita
759 1016 939 1093 conpletum
962 1020 1019 1078 est.
1062 1017 1116 1076 In·

166 1115 263 1171 uenta
283 1131 419 1190 namque
435 1132 543 1173 eorum
559 1133 686 1191 corpora
702 1114 790 1176 iuxta
805 1116 957 1175 bonorem
975 1115 1117 1192 martyri·

165 1210 226 1271 bus
249 1211 439 1289 condignum
461 1212 619 1272 recondita
639 1216 723 1288 sunt,
748 1218 780 1273 ot
802 1213 869 1273 dies
889 1213 1043 1290 passionis
1064 1213 1116 1273 uel

165 1309 362 1370 inuentionis
385 1330 494 1370 sorum
516 1330 652 1389 congrua
672 1312 737 1372 illis
757 1312 793 1371 in
816 1311 893 1373 locis
914 1312 1117 1373 ueneratione

165 1407 346 1469 celebratus.
398 1408 540 1486 Denique
566 1410 809 1486 gloriosissimus
836 1411 899 1470 dux
927 1410 1116 1470 Francorum

166 1506 292 1584 Pippin‚
320 1506 375 1567 ubi
397 1506 472 1567 haec
500 1508 660 1584 conperiit,
687 1508 783 1579 misit.
809 1511 841 1569 et
864 1510 997 1569 adducta
1020 1509 1059 1569 ad
1083 1528 1117 1569 se

165 1626 275 1665 corum
295 1625 420 1683 corpora
441 1606 580 1667 condidit
600 1626 672 1667 cum
692 1608 794 1667 multa
813 1607 912 1685 gloria
931 1607 966 1667 in
989 1606 1117 1667 ecclesia

165 1704 312 1765 Coloniae
326 1704 463 1796 ciuitatis
476 1704 564 1765 iuxta
578 1704 728 1765 Rhenum
737 1706 756 1766 ⁴.
791 1705 905 1766 Fertur
917 1708 1031 1779 autem,
1044 1705 1117 1783 quia

165 1802 197 1862 in
220 1802 294 1877 loco,
314 1823 376 1879 quo
395 1803 487 1863 occisi
506 1806 589 1879 sunt,
607 1804 677 1863 fons
698 1804 862 1880 ebullierit,
880 1803 934 1881 qui
952 1804 987 1863 in
1008 1804 1117 1864 eodem

166 1900 234 1961 loco
249 1920 348 1979 usque
361 1900 453 1961 hodie
468 1902 592 1979 copiosa
605 1903 717 1963 fluenti
730 1903 780 1963 sui
793 1904 876 1963 dona
892 1903 1059 1980 profundat
1067 1903 1085 1963 ³.

573 2138 664 2199 CAP.
689 2136 748 2197 XI.

168 2287 196 2333 ut
212 2288 263 2333 cerr
279 2282 437 2336 wercum·
448 2284 583 2335 eluceat*
599 2291 625 2335 u
636 2283 779 2347 acueret
796 2284 917 2335 usuca·
928 2290 1014 2335 soma«
1025 2291 1074 2335 soc
1090 2290 1117 2334 sn

469 2368 576 2414 uuum
587 2370 691 2413 ocimu
701 2369 809 2425 epum

204 2497 323 2557 Pierius
337 2516 411 2557 sane
424 2498 619 2575 temporibus
629 2498 785 2558 aduentus
799 2518 907 2558 eorum
918 2498 951 2558 in
967 2498 1113 2574 mesum,
1135 2512 1263 2557 wilbroru

163 2614 239 2656 mox
252 2600 289 2656 ut
308 2595 460 2673 conperiit
475 2595 623 2657 Uilbrord
641 2597 748 2656 datam
765 2596 826 2656 sibi
840 2617 858 2658 a
874 2596 1013 2675 principe
1027 2598 1118 2657 licen-
1135 2578 1231 2677 ᾖξ’

164 2693 241 2754 tiam
264 2693 381 2754 ibidem
403 2692 610 2771 praedicandi,
633 2695 818 2756 accelerauit
840 2696 949 2757 uenire
973 2697 1115 2771 Romam,

164 2792 254 2853 cuius
274 2792 341 2852 sedi
361 2792 549 2869 apostolicae
570 2797 645 2854 tunc
667 2794 795 2872 Sergius
815 2815 895 2872 papa
914 2800 1061 2872 praeerat,
1082 2800 1118 2856 ut

164 2910 236 2951 cum
251 2890 318 2951 eius
333 2890 460 2951 licentia
476 2894 508 2952 et
528 2891 745 2952 benedictione
763 2894 972 2954 desideratum
989 2902 1119 2973 euange

163 2990 279 3051 liaandi
294 2990 440 3067 gentibus
458 3010 536 3067 opus
553 2991 647 3051 iniret
661 3013 668 3065 ;
689 2991 787 3051 simul
801 2994 832 3053 et
851 2992 999 3069 reliquias
1018 2991 1119 3053 beato-

163 3110 235 3149 rum
246 3089 458 3167 apostolorum
473 3108 507 3149 ac
522 3093 697 3167 martyrum
712 3090 830 3152 Christi
843 3090 882 3150 ab
896 3110 932 3151 eo
942 3110 976 3150 se
988 3112 1118 3169 sperans

163 3188 300 3266 accipere
309 3186 338 3263 ¹⁰,
356 3192 392 3249 ut
408 3188 484 3248 dum
499 3188 533 3247 in
547 3194 648 3265 gente,
666 3189 718 3249 cui
734 3189 932 3266 praedicaret,
950 3190 1117 3251 destructis

163 3286 257 3349 idolis
269 3286 413 3347 ecclesias
431 3286 617 3361 institueret,
634 3287 762 3349 haberet
776 3287 810 3348 in
828 3293 955 3366 pmmtu
969 3289 1116 3367 reliquias

161 3390 351 3461 sanctorum,
381 3404 457 3463 quas
479 3385 523 3445 ibi
545 3386 774 3462 introduceret3
800 3386 975 3465 quibusque
999 3388 1116 3448 ibidem

162 3484 319 3562 depositis,
351 3486 576 3563 consequenter
599 3486 633 3545 in
658 3506 766 3545 corum
794 3486 955 3561 bonorem,
982 3506 1114 3565 quorum

162 3588 267 3645 essent
291 3582 371 3657 illae,
395 3582 522 3660 singula
545 3603 684 3661 quaeque
704 3584 771 3645 loca
793 3585 954 3645 dedicaret
998 3584 1112 3646 Sedet

195 3746 203 3775 ¹
221 3752 298 3799 -runt
311 3749 342 3799 B.
452 3747 462 3778 ¹
477 3751 545 3799 socia
556 3746 601 3799 Μ’.
700 3750 709 3779 ⁸
726 3753 786 3799 erat
796 3750 832 3799 li.
923 3748 933 3777 ⁴
949 3750 1065 3798 hrenum
1078 3748 1111 3800 N.

161 3828 246 3891 ’per-
258 3827 287 3877 0.
300 3826 339 3877 3¹.
352 3828 393 3878 W.
461 3826 590 3877 ‘uir-lis
600 3828 628 3878 0.
703 3826 882 3879 'suitbercht
894 3829 931 3888 ῦς
947 3828 1065 3877 sinberct
1077 3828 1109 3878 N.

161 3904 171 3933 ⁸
188 3906 244 3955 ·nis
255 3906 291 3967 G;
307 3906 364 3955 -uia
375 3904 411 3956 M.
479 3903 489 3933 ⁹
505 3906 574 3955 uuil·
586 3905 610 3953 N
621 3922 628 3966 ;
644 3906 753 3956 uilbrod
765 3906 794 3956 0.
861 3906 881 3935 ¹⁰
897 3920 985 3969 accep·
996 3906 1033 3957 ll.
