<?xml version="1.0" encoding="UTF-8"?>
<!DOCTYPE html PUBLIC "-//W3C//DTD XHTML 1.0 Transitional//EN"
    "http://www.w3.org/TR/xhtml1/DTD/xhtml1-transitional.dtd">
<html xmlns="http://www.w3.org/1999/xhtml" xml:lang="en" lang="en">
 <head>
  <title>
</title>
<meta http-equiv="Content-Type" content="text/html;charset=utf-8" />
  <meta name='ocr-system' content='tesseract 3.04.00' />
  <meta name='ocr-capabilities' content='ocr_page ocr_carea ocr_par ocr_line ocrx_word'/>
</head>
<body>
  <div class='ocr_page' id='page_1' title='image "./venerabilisbaed03plumgoog_0537.png"; bbox 0 0 2859 4334; ppageno 0'>
   <div class='ocr_carea' id='block_1_1' title="bbox 149 262 1089 350">
    <p class='ocr_par' dir='ltr' id='par_1_1' title="bbox 149 262 1089 350">
     <span class='ocr_line' id='line_1_1' title="bbox 149 262 1089 350; baseline -0.004 -21"><span class='ocrx_word' id='word_1_1' title='bbox 149 282 205 332; x_wconf 72' lang='lat' dir='ltr'><strong><em>cin.</em></strong></span> <span class='ocrx_word' id='word_1_2' title='bbox 220 274 299 341; x_wconf 88' lang='lat' dir='ltr'>xx1.]</span> <span class='ocrx_word' id='word_1_3' title='bbox 447 263 562 331; x_wconf 80' lang='lat' dir='ltr'><strong><em>Gentis</em></strong></span> <span class='ocrx_word' id='word_1_4' title='bbox 584 264 789 350; x_wconf 77' lang='lat' dir='ltr'><strong><em>Amplorum.</em></strong></span> <span class='ocrx_word' id='word_1_5' title='bbox 1026 262 1089 325; x_wconf 78' lang='lat'><strong><em>345</em></strong></span> 
     </span>
    </p>
   </div>
   <div class='ocr_carea' id='block_1_2' title="bbox 24 439 1260 3779">
    <p class='ocr_par' dir='ltr' id='par_1_2' title="bbox 148 439 1093 601">
     <span class='ocr_line' id='line_1_2' title="bbox 148 439 1093 515; baseline -0.004 -14"><span class='ocrx_word' id='word_1_6' title='bbox 148 442 217 501; x_wconf 80' lang='lat' dir='ltr'><strong><em>siud</em></strong></span> <span class='ocrx_word' id='word_1_7' title='bbox 225 439 312 514; x_wconf 77' lang='lat' dir='ltr'><strong><em>sacto</em></strong></span> <span class='ocrx_word' id='word_1_8' title='bbox 325 441 371 501; x_wconf 84' lang='lat' dir='ltr'><strong><em>net</em></strong></span> <span class='ocrx_word' id='word_1_9' title='bbox 384 442 495 501; x_wconf 89' lang='lat' dir='ltr'><strong><em>monito</em></strong></span> <span class='ocrx_word' id='word_1_10' title='bbox 506 442 587 515; x_wconf 86' lang='lat' dir='ltr'><strong><em>cupis</em></strong></span> <span class='ocrx_word' id='word_1_11' title='bbox 601 441 687 515; x_wconf 75' lang='lat' dir='ltr'><strong><em>sequi,</em></strong></span> <span class='ocrx_word' id='word_1_12' title='bbox 702 441 744 500; x_wconf 86' lang='lat' dir='ltr'><strong><em>sic</em></strong></span> <span class='ocrx_word' id='word_1_13' title='bbox 754 441 843 499; x_wconf 86' lang='lat' dir='ltr'><strong><em>etium</em></strong></span> <span class='ocrx_word' id='word_1_14' title='bbox 855 456 963 499; x_wconf 91' lang='lat' dir='ltr'><strong><em>morem</em></strong></span> <span class='ocrx_word' id='word_1_15' title='bbox 976 439 1093 499; x_wconf 82' lang='lat' dir='ltr'><strong><em>babitus</em></strong></span> 
     </span>
     <span class='ocr_line' id='line_1_3' title="bbox 149 539 488 601; baseline 0.003 -4"><span class='ocrx_word' id='word_1_16' title='bbox 149 540 296 598; x_wconf 71' lang='lat' dir='ltr'><strong><em>uinitori</em></strong></span> <span class='ocrx_word' id='word_1_17' title='bbox 310 539 488 601; x_wconf 85' lang='lat' dir='ltr'><strong><em>condeceat.&#39;’</em></strong></span> 
     </span>
    </p>

    <p class='ocr_par' dir='ltr' id='par_1_3' title="bbox 145 632 1092 1500">
     <span class='ocr_line' id='line_1_4' title="bbox 187 632 1089 712; baseline -0.004 -15"><span class='ocrx_word' id='word_1_18' title='bbox 187 637 290 697; x_wconf 90' lang='lat' dir='ltr'><strong><em>‘Hocc</em></strong></span> <span class='ocrx_word' id='word_1_19' title='bbox 317 642 387 697; x_wconf 89' lang='lat' dir='ltr'><strong><em>tuuc</em></strong></span> <span class='ocrx_word' id='word_1_20' title='bbox 409 638 588 698; x_wconf 84' lang='lat' dir='ltr'><strong><em>Adonmono</em></strong></span> <span class='ocrx_word' id='word_1_21' title='bbox 616 637 685 712; x_wconf 80' lang='lat' dir='ltr'><strong><em>dini,</em></strong></span> <span class='ocrx_word' id='word_1_22' title='bbox 713 638 765 711; x_wconf 77' lang='lat' dir='ltr'><strong><em>qui</em></strong></span> <span class='ocrx_word' id='word_1_23' title='bbox 791 637 908 711; x_wconf 73' lang='lat' dir='ltr'><strong><em>peridem</em></strong></span> <span class='ocrx_word' id='word_1_24' title='bbox 930 632 1089 710; x_wconf 69' lang='lat' dir='ltr'><strong><em>octontum¹</em></strong></span> 
     </span>
     <span class='ocr_line' id='line_1_5' title="bbox 148 736 1092 810; baseline -0.004 -13"><span class='ocrx_word' id='word_1_25' title='bbox 148 738 295 809; x_wconf 78' lang='lat' dir='ltr'><strong><em>conspectis</em></strong></span> <span class='ocrx_word' id='word_1_26' title='bbox 313 738 494 797; x_wconf 79' lang='lat' dir='ltr'><strong><em>ecclesicmm</em></strong></span> <span class='ocrx_word' id='word_1_27' title='bbox 513 741 680 796; x_wconf 85' lang='lat' dir='ltr'><strong><em>nostrorum</em></strong></span> <span class='ocrx_word' id='word_1_28' title='bbox 700 737 821 795; x_wconf 82' lang='lat' dir='ltr'><strong><em>statutis</em></strong></span> <span class='ocrx_word' id='word_1_29' title='bbox 833 736 1009 810; x_wconf 70' lang='lat' dir='ltr'><strong><em>profecisset,</em></strong></span> <span class='ocrx_word' id='word_1_30' title='bbox 1024 752 1092 809; x_wconf 82' lang='lat' dir='ltr'><strong><em>pro</em></strong></span> 
     </span>
     <span class='ocr_line' id='line_1_6' title="bbox 147 834 1092 908; baseline -0.002 -15"><span class='ocrx_word' id='word_1_31' title='bbox 147 834 233 907; x_wconf 83' lang='lat' dir='ltr'><strong><em>bonit,</em></strong></span> <span class='ocrx_word' id='word_1_32' title='bbox 260 852 326 894; x_wconf 87' lang='lat' dir='ltr'><strong><em>cum</em></strong></span> <span class='ocrx_word' id='word_1_33' title='bbox 351 853 484 895; x_wconf 87' lang='lat' dir='ltr'><strong><em>reuersus</em></strong></span> <span class='ocrx_word' id='word_1_34' title='bbox 508 836 550 895; x_wconf 89' lang='lat' dir='ltr'><strong><em>ud</em></strong></span> <span class='ocrx_word' id='word_1_35' title='bbox 570 835 717 908; x_wconf 73' lang='lat' dir='ltr'><strong><em>scottiam,</em></strong></span> <span class='ocrx_word' id='word_1_36' title='bbox 745 836 855 893; x_wconf 80' lang='lat' dir='ltr'><strong><em>multos</em></strong></span> <span class='ocrx_word' id='word_1_37' title='bbox 871 839 975 908; x_wconf 85' lang='lat' dir='ltr'><strong><em>posteo</em></strong></span> <span class='ocrx_word' id='word_1_38' title='bbox 997 835 1092 908; x_wconf 78' lang='lat' dir='ltr'><strong><em>pentis</em></strong></span> 
     </span>
     <span class='ocr_line' id='line_1_7' title="bbox 146 932 1092 1007; baseline -0.001 -16"><span class='ocrx_word' id='word_1_39' title='bbox 146 933 269 992; x_wconf 82' lang='lat' dir='ltr'><strong><em>eiusdem</em></strong></span> <span class='ocrx_word' id='word_1_40' title='bbox 288 932 408 993; x_wconf 78' lang='lat' dir='ltr'><strong><em>turbos²</em></strong></span> <span class='ocrx_word' id='word_1_41' title='bbox 430 934 471 993; x_wconf 89' lang='lat' dir='ltr'><strong><em>ud</em></strong></span> <span class='ocrx_word' id='word_1_42' title='bbox 491 933 660 992; x_wconf 77' lang='lat' dir='ltr'><em>catholicam</em></span> <span class='ocrx_word' id='word_1_43' title='bbox 685 936 816 1007; x_wconf 78' lang='lat' dir='ltr'><strong><em>temporie</em></strong></span> <span class='ocrx_word' id='word_1_44' title='bbox 830 934 980 1007; x_wconf 84' lang='lat' dir='ltr'><strong><em>poscbob‘s</em></strong></span> <span class='ocrx_word' id='word_1_45' title='bbox 1003 933 1092 992; x_wconf 71' lang='lat' dir='ltr'><strong><em>obser</em></strong></span> 
     </span>
     <span class='ocr_line' id='line_1_8' title="bbox 146 1032 1092 1106; baseline -0.001 -17"><span class='ocrx_word' id='word_1_46' title='bbox 146 1032 278 1091; x_wconf 86' lang='lat' dir='ltr'><strong><em>nuntium</em></strong></span> <span class='ocrx_word' id='word_1_47' title='bbox 301 1049 357 1091; x_wconf 87' lang='lat' dir='ltr'><strong><em>suo</em></strong></span> <span class='ocrx_word' id='word_1_48' title='bbox 371 1032 589 1106; x_wconf 84' lang='lat' dir='ltr'><strong><em>praedicatione</em></strong></span> <span class='ocrx_word' id='word_1_49' title='bbox 609 1034 750 1104; x_wconf 75' lang='lat' dir='ltr'><strong><em>cmrccit3</em></strong></span> <span class='ocrx_word' id='word_1_50' title='bbox 776 1033 891 1091; x_wconf 84' lang='lat' dir='ltr'><strong><em>temetsi</em></strong></span> <span class='ocrx_word' id='word_1_51' title='bbox 911 1049 965 1105; x_wconf 88' lang='lat' dir='ltr'><strong><em>eos,</em></strong></span> <span class='ocrx_word' id='word_1_52' title='bbox 989 1032 1039 1104; x_wconf 73' lang='lat' dir='ltr'><strong><em>cui</em></strong></span> <span class='ocrx_word' id='word_1_53' title='bbox 1059 1032 1092 1088; x_wconf 91' lang='lat' dir='ltr'><strong><em>in</em></strong></span> 
     </span>
     <span class='ocr_line' id='line_1_9' title="bbox 146 1130 1092 1205; baseline 0.001 -18"><span class='ocrx_word' id='word_1_54' title='bbox 146 1130 200 1189; x_wconf 88' lang='lat' dir='ltr'><strong><em>Hii</em></strong></span> <span class='ocrx_word' id='word_1_55' title='bbox 216 1132 315 1191; x_wconf 69' lang='lat' dir='ltr'><strong><em>enula</em></strong></span> <span class='ocrx_word' id='word_1_56' title='bbox 331 1132 528 1203; x_wconf 87' lang='lat' dir='ltr'><strong><em>morabuntur,</em></strong></span> <span class='ocrx_word' id='word_1_57' title='bbox 550 1132 711 1204; x_wconf 82' lang='lat' dir='ltr'><strong><em>monachos,</em></strong></span> <span class='ocrx_word' id='word_1_58' title='bbox 728 1132 887 1205; x_wconf 75' lang='lat' dir='ltr'><strong><em>qucbiesque</em></strong></span> <span class='ocrx_word' id='word_1_59' title='bbox 902 1131 1018 1205; x_wconf 78' lang='lat' dir='ltr'><strong><em>speciali</em></strong></span> <span class='ocrx_word' id='word_1_60' title='bbox 1036 1146 1092 1189; x_wconf 90' lang='lat' dir='ltr'><strong><em>rec·</em></strong></span> 
     </span>
     <span class='ocr_line' id='line_1_10' title="bbox 146 1229 1092 1304; baseline 0 -15"><span class='ocrx_word' id='word_1_61' title='bbox 146 1230 230 1289; x_wconf 81' lang='lat' dir='ltr'><strong><em>toris³</em></strong></span> <span class='ocrx_word' id='word_1_62' title='bbox 258 1231 322 1289; x_wconf 86' lang='lat' dir='ltr'><strong><em>inre</em></strong></span> <span class='ocrx_word' id='word_1_63' title='bbox 341 1232 484 1304; x_wconf 76' lang='lat' dir='ltr'><strong><em>proceret</em></strong></span> <span class='ocrx_word' id='word_1_64' title='bbox 514 1229 637 1289; x_wconf 87' lang='lat' dir='ltr'><strong><em>necdum</em></strong></span> <span class='ocrx_word' id='word_1_65' title='bbox 664 1229 705 1288; x_wconf 88' lang='lat' dir='ltr'><strong><em>cd</em></strong></span> <span class='ocrx_word' id='word_1_66' title='bbox 731 1231 815 1289; x_wconf 89' lang='lat' dir='ltr'><strong><em>uiom</em></strong></span> <span class='ocrx_word' id='word_1_67' title='bbox 839 1230 943 1289; x_wconf 76' lang='lat' dir='ltr'><strong><em>stntmi</em></strong></span> <span class='ocrx_word' id='word_1_68' title='bbox 966 1229 1092 1289; x_wconf 79' lang='lat' dir='ltr'><strong><em>melioris</em></strong></span> 
     </span>
     <span class='ocr_line' id='line_1_11' title="bbox 145 1328 1092 1403; baseline -0.002 -15"><span class='ocrx_word' id='word_1_69' title='bbox 145 1329 275 1389; x_wconf 78' lang='lat' dir='ltr'><strong><em>reducere</em></strong></span> <span class='ocrx_word' id='word_1_70' title='bbox 287 1328 410 1388; x_wconf 83' lang='lat' dir='ltr'><strong><em>uolebat.</em></strong></span> <span class='ocrx_word' id='word_1_71' title='bbox 455 1328 620 1387; x_wconf 81' lang='lat' dir='ltr'><strong><em>Tonsurum</em></strong></span> <span class='ocrx_word' id='word_1_72' title='bbox 638 1346 755 1403; x_wconf 75' lang='lat' dir='ltr'><strong><em>quoque,</em></strong></span> <span class='ocrx_word' id='word_1_73' title='bbox 772 1329 800 1388; x_wconf 87' lang='lat' dir='ltr'><strong><em>si</em></strong></span> <span class='ocrx_word' id='word_1_74' title='bbox 818 1332 935 1389; x_wconf 90' lang='lat' dir='ltr'><strong><em>tontum</em></strong></span> <span class='ocrx_word' id='word_1_75' title='bbox 952 1329 1009 1387; x_wconf 70' lang='lat' dir='ltr'><strong><em>seiri</em></strong></span> <span class='ocrx_word' id='word_1_76' title='bbox 1026 1346 1092 1387; x_wconf 90' lang='lat' dir='ltr'><strong><em>nuc·</em></strong></span> 
     </span>
     <span class='ocr_line' id='line_1_12' title="bbox 145 1427 775 1500; baseline -0.002 -12"><span class='ocrx_word' id='word_1_77' title='bbox 145 1429 270 1488; x_wconf 89' lang='lat' dir='ltr'><strong><em>toritotis</em></strong></span> <span class='ocrx_word' id='word_1_78' title='bbox 282 1428 413 1500; x_wconf 74' lang='lat' dir='ltr'><strong><em>subesset,</em></strong></span> <span class='ocrx_word' id='word_1_79' title='bbox 430 1427 578 1487; x_wconf 83' lang='lat' dir='ltr'><strong><em>nuendum</em></strong></span> <span class='ocrx_word' id='word_1_80' title='bbox 591 1429 775 1487; x_wconf 70' lang='lat' dir='ltr'><strong><em>meminisset.</em></strong></span> 
     </span>
    </p>

    <p class='ocr_par' dir='ltr' id='par_1_4' title="bbox 143 1525 1087 1700">
     <span class='ocr_line' id='line_1_13' title="bbox 185 1525 1087 1599; baseline -0.001 -13"><span class='ocrx_word' id='word_1_81' title='bbox 185 1526 260 1587; x_wconf 84' lang='lat' dir='ltr'><strong><em>‘Sed</em></strong></span> <span class='ocrx_word' id='word_1_82' title='bbox 282 1530 310 1586; x_wconf 92' lang='lat' dir='ltr'><strong><em>et</em></strong></span> <span class='ocrx_word' id='word_1_83' title='bbox 330 1530 412 1585; x_wconf 91' lang='lat' dir='ltr'><strong><em>tuom</em></strong></span> <span class='ocrx_word' id='word_1_84' title='bbox 428 1542 507 1584; x_wconf 89' lang='lat' dir='ltr'><strong><em>nunc</em></strong></span> <span class='ocrx_word' id='word_1_85' title='bbox 521 1525 721 1599; x_wconf 75' lang='lat' dir='ltr'><strong><em>prudentiam,</em></strong></span> <span class='ocrx_word' id='word_1_86' title='bbox 741 1543 799 1598; x_wconf 83' lang='lat' dir='ltr'><strong><em>ren,</em></strong></span> <span class='ocrx_word' id='word_1_87' title='bbox 825 1526 970 1599; x_wconf 80' lang='lat' dir='ltr'><strong><em>admoneo,</em></strong></span> <span class='ocrx_word' id='word_1_88' title='bbox 993 1530 1028 1585; x_wconf 92' lang='lat' dir='ltr'><strong><em>ut</em></strong></span> <span class='ocrx_word' id='word_1_89' title='bbox 1046 1544 1087 1596; x_wconf 86' lang='lat' dir='ltr'><strong><em>eo,</em></strong></span> 
     </span>
     <span class='ocr_line' id='line_1_14' title="bbox 143 1623 1087 1700; baseline -0.002 -15"><span class='ocrx_word' id='word_1_90' title='bbox 143 1643 215 1700; x_wconf 78' lang='lat' dir='ltr'><strong><em>onoc</em></strong></span> <span class='ocrx_word' id='word_1_91' title='bbox 228 1625 339 1685; x_wconf 84' lang='lat' dir='ltr'><strong><em>unitati</em></strong></span> <span class='ocrx_word' id='word_1_92' title='bbox 357 1623 511 1684; x_wconf 77' lang='lat' dir='ltr'><strong><em>catholicoe</em></strong></span> <span class='ocrx_word' id='word_1_93' title='bbox 530 1628 556 1683; x_wconf 90' lang='lat' dir='ltr'><strong><em>ct</em></strong></span> <span class='ocrx_word' id='word_1_94' title='bbox 575 1625 745 1698; x_wconf 81' lang='lat' dir='ltr'><strong><em>apostoticae</em></strong></span> <span class='ocrx_word' id='word_1_95' title='bbox 760 1626 888 1685; x_wconf 79' lang='lat' dir='ltr'><strong><em>ecclesiae</em></strong></span> <span class='ocrx_word' id='word_1_96' title='bbox 904 1626 1087 1699; x_wconf 87' lang='lat' dir='ltr'><strong><em>concinnunt,</em></strong></span> 
     </span>
    </p>

    <p class='ocr_par' dir='ltr' id='par_1_5' title="bbox 24 1723 1095 2392">
     <span class='ocr_line' id='line_1_15' title="bbox 55 1723 1090 1798; baseline -0.003 -13"><span class='ocrx_word' id='word_1_97' title='bbox 55 1730 125 1777; x_wconf 69' lang='lat' dir='ltr'><strong><em>‚nn</em></strong></span> <span class='ocrx_word' id='word_1_98' title='bbox 143 1743 204 1785; x_wconf 90' lang='lat' dir='ltr'><strong><em>uno</em></strong></span> <span class='ocrx_word' id='word_1_99' title='bbox 217 1729 385 1798; x_wconf 69' lang='lat' dir='ltr'><strong><em>cumgente,</em></strong></span> <span class='ocrx_word' id='word_1_100' title='bbox 403 1725 451 1783; x_wconf 88' lang='lat' dir='ltr'><strong><em>cui</em></strong></span> <span class='ocrx_word' id='word_1_101' title='bbox 465 1728 490 1783; x_wconf 90' lang='lat' dir='ltr'><strong><em>te</em></strong></span> <span class='ocrx_word' id='word_1_102' title='bbox 508 1723 571 1782; x_wconf 76' lang='lat' dir='ltr'><strong><em>Res</em></strong></span> <span class='ocrx_word' id='word_1_103' title='bbox 586 1740 685 1798; x_wconf 69' lang='lat' dir='ltr'><strong><em>mcum</em></strong></span> <span class='ocrx_word' id='word_1_104' title='bbox 702 1727 730 1783; x_wconf 86' lang='lat' dir='ltr'><strong><em>et</em></strong></span> <span class='ocrx_word' id='word_1_105' title='bbox 743 1724 890 1782; x_wconf 86' lang='lat' dir='ltr'><strong><em>Dominus</em></strong></span> <span class='ocrx_word' id='word_1_106' title='bbox 906 1724 1090 1783; x_wconf 82' lang='lat' dir='ltr'><strong><em>dominorum</em></strong></span> 
     </span>
     <span class='ocr_line' id='line_1_16' title="bbox 24 1807 1091 1898; baseline -0.003 -15"><span class='ocrx_word' id='word_1_107' title='bbox 24 1807 51 1893; x_wconf 61' lang='lat'><strong><em>52³,</em></strong></span> <span class='ocrx_word' id='word_1_108' title='bbox 64 1824 92 1894; x_wconf 53' lang='lat' dir='ltr'><strong><em>,ss</em></strong></span> <span class='ocrx_word' id='word_1_109' title='bbox 136 1823 286 1898; x_wconf 86' lang='lat' dir='ltr'><strong><em>praefecit,</em></strong></span> <span class='ocrx_word' id='word_1_110' title='bbox 305 1824 337 1882; x_wconf 89' lang='lat' dir='ltr'><strong><em>in</em></strong></span> <span class='ocrx_word' id='word_1_111' title='bbox 350 1823 484 1883; x_wconf 84' lang='lat' dir='ltr'><strong><em>omnibus</em></strong></span> <span class='ocrx_word' id='word_1_112' title='bbox 500 1838 616 1881; x_wconf 82' lang='lat' dir='ltr'><strong><em>seruarc</em></strong></span> <span class='ocrx_word' id='word_1_113' title='bbox 632 1823 797 1882; x_wconf 72' lang='lat' dir='ltr'><strong><em>coutentes.</em></strong></span> <span class='ocrx_word' id='word_1_114' title='bbox 842 1823 891 1884; x_wconf 84' lang='lat' dir='ltr'><strong><em>Sic</em></strong></span> <span class='ocrx_word' id='word_1_115' title='bbox 907 1825 983 1881; x_wconf 88' lang='lat' dir='ltr'><strong><em>enim</em></strong></span> <span class='ocrx_word' id='word_1_116' title='bbox 992 1823 1039 1897; x_wconf 86' lang='lat' dir='ltr'><strong><em>fit,</em></strong></span> <span class='ocrx_word' id='word_1_117' title='bbox 1056 1827 1091 1881; x_wconf 90' lang='lat' dir='ltr'><strong><em>ut</em></strong></span> 
     </span>
     <span class='ocr_line' id='line_1_17' title="bbox 139 1920 1095 1997; baseline 0 -16"><span class='ocrx_word' id='word_1_118' title='bbox 139 1927 204 1997; x_wconf 84' lang='lat' dir='ltr'><strong><em>post</em></strong></span> <span class='ocrx_word' id='word_1_119' title='bbox 216 1926 361 1996; x_wconf 83' lang='lat' dir='ltr'><strong><em>occeptum</em></strong></span> <span class='ocrx_word' id='word_1_120' title='bbox 378 1920 541 1996; x_wconf 79' lang='lat' dir='ltr'><strong><em>temporalis</em></strong></span> <span class='ocrx_word' id='word_1_121' title='bbox 558 1921 636 1995; x_wconf 73' lang='lat' dir='ltr'><strong><em>moni</em></strong></span> <span class='ocrx_word' id='word_1_122' title='bbox 649 1924 812 1995; x_wconf 81' lang='lat' dir='ltr'><strong><em>potentium</em></strong></span> <span class='ocrx_word' id='word_1_123' title='bbox 827 1922 889 1996; x_wconf 82' lang='lat' dir='ltr'><strong><em>ipse</em></strong></span> <span class='ocrx_word' id='word_1_124' title='bbox 907 1922 1095 1981; x_wconf 82' lang='lat' dir='ltr'><strong><em>beatissimus¹</em></strong></span> 
     </span>
     <span class='ocr_line' id='line_1_18' title="bbox 141 2020 1090 2096; baseline -0.001 -15"><span class='ocrx_word' id='word_1_125' title='bbox 141 2022 333 2096; x_wconf 74' lang='lat' dir='ltr'><strong><em>opomerum</em></strong></span> <span class='ocrx_word' id='word_1_126' title='bbox 350 2022 487 2095; x_wconf 80' lang='lat' dir='ltr'><strong><em>princeps</em></strong></span> <span class='ocrx_word' id='word_1_127' title='bbox 510 2020 638 2079; x_wconf 78' lang='lat' dir='ltr'><strong><em>mensus</em></strong></span> <span class='ocrx_word' id='word_1_128' title='bbox 661 2037 771 2095; x_wconf 72' lang='lat' dir='ltr'><strong><em>peomne</em></strong></span> <span class='ocrx_word' id='word_1_129' title='bbox 795 2022 876 2095; x_wconf 76' lang='lat' dir='ltr'><strong><em>repni</em></strong></span> <span class='ocrx_word' id='word_1_130' title='bbox 901 2021 954 2079; x_wconf 69' lang='lat' dir='ltr'><strong><em>tubi</em></strong></span> <span class='ocrx_word' id='word_1_131' title='bbox 978 2024 1090 2096; x_wconf 77' lang='lat' dir='ltr'><strong><em>tuisqm</em></strong></span> 
     </span>
     <span class='ocr_line' id='line_1_19' title="bbox 32 2118 1090 2198; baseline 0.004 -23"><span class='ocrx_word' id='word_1_132' title='bbox 32 2148 50 2177; x_wconf 72' lang='grc' dir='ltr'><strong><em>ιι</em></strong></span> <span class='ocrx_word' id='word_1_133' title='bbox 72 2149 93 2180; x_wconf 75' lang='lat' dir='ltr'><strong><em>a.</em></strong></span> <span class='ocrx_word' id='word_1_134' title='bbox 140 2138 206 2179; x_wconf 89' lang='lat' dir='ltr'><strong><em>cum</em></strong></span> <span class='ocrx_word' id='word_1_135' title='bbox 229 2121 326 2179; x_wconf 69' lang='lat' dir='ltr'><strong><em>ccterm</em></strong></span> <span class='ocrx_word' id='word_1_136' title='bbox 352 2121 446 2179; x_wconf 84' lang='lat' dir='ltr'><strong><em>clectis</em></strong></span> <span class='ocrx_word' id='word_1_137' title='bbox 473 2119 563 2178; x_wconf 84' lang='lat' dir='ltr'><strong><em>libens</em></strong></span> <span class='ocrx_word' id='word_1_138' title='bbox 585 2120 702 2192; x_wconf 83' lang='lat' dir='ltr'><strong><em>pandat</em></strong></span> <span class='ocrx_word' id='word_1_139' title='bbox 728 2120 887 2178; x_wconf 82' lang='lat' dir='ltr'><strong><em>introitum.</em></strong></span> <span class='ocrx_word' id='word_1_140' title='bbox 907 2118 912 2198; x_wconf 83' lang='grc' dir='ltr'>Ι</span> <span class='ocrx_word' id='word_1_141' title='bbox 932 2119 1039 2179; x_wconf 77' lang='lat' dir='ltr'><strong><em>Gratia</em></strong></span> <span class='ocrx_word' id='word_1_142' title='bbox 1063 2125 1090 2179; x_wconf 89' lang='lat' dir='ltr'><strong><em>te</em></strong></span> 
     </span>
     <span class='ocr_line' id='line_1_20' title="bbox 139 2218 1089 2295; baseline 0.001 -18"><span class='ocrx_word' id='word_1_143' title='bbox 139 2218 228 2293; x_wconf 77' lang='lat' dir='ltr'><strong><em>Rupis</em></strong></span> <span class='ocrx_word' id='word_1_144' title='bbox 245 2219 354 2278; x_wconf 81' lang='lat' dir='ltr'><strong><em>oeterru</em></strong></span> <span class='ocrx_word' id='word_1_145' title='bbox 368 2218 490 2293; x_wconf 80' lang='lat' dir='ltr'><strong><em>tonpiorr&#39;</em></strong></span> <span class='ocrx_word' id='word_1_146' title='bbox 505 2225 627 2295; x_wconf 79' lang='lat' dir='ltr'><strong><em>tempore</em></strong></span> <span class='ocrx_word' id='word_1_147' title='bbox 642 2222 809 2293; x_wconf 79' lang='lat' dir='ltr'><strong><em>repnontem</em></strong></span> <span class='ocrx_word' id='word_1_148' title='bbox 827 2218 867 2278; x_wconf 88' lang='lat' dir='ltr'><strong><em>ud</em></strong></span> <span class='ocrx_word' id='word_1_149' title='bbox 884 2222 1015 2278; x_wconf 87' lang='lat' dir='ltr'><strong><em>nostram</em></strong></span> <span class='ocrx_word' id='word_1_150' title='bbox 1033 2236 1089 2278; x_wconf 89' lang='lat' dir='ltr'><strong><em>om·</em></strong></span> 
     </span>
     <span class='ocr_line' id='line_1_21' title="bbox 138 2316 1088 2392; baseline 0 -15"><span class='ocrx_word' id='word_1_151' title='bbox 138 2318 224 2377; x_wconf 89' lang='lat' dir='ltr'><strong><em>nium</em></strong></span> <span class='ocrx_word' id='word_1_152' title='bbox 232 2334 334 2392; x_wconf 82' lang='lat' dir='ltr'><strong><em>pacem</em></strong></span> <span class='ocrx_word' id='word_1_153' title='bbox 354 2318 497 2379; x_wconf 81' lang='lat' dir='ltr'><strong><em>custodiat</em></strong></span> <span class='ocrx_word' id='word_1_154' title='bbox 518 2320 695 2391; x_wconf 83' lang='lat' dir='ltr'><strong><em>incolumem,</em></strong></span> <span class='ocrx_word' id='word_1_155' title='bbox 720 2317 900 2377; x_wconf 67' lang='lat' dir='ltr'><strong><em>dilectionum</em></strong></span> <span class='ocrx_word' id='word_1_156' title='bbox 921 2318 954 2376; x_wconf 91' lang='lat' dir='ltr'><strong><em>in</em></strong></span> <span class='ocrx_word' id='word_1_157' title='bbox 973 2316 1088 2378; x_wconf 82' lang='lat' dir='ltr'><strong><em>Christo</em></strong></span> 
     </span>
    </p>

    <p class='ocr_par' dir='ltr' id='par_1_6' title="bbox 132 2416 202 2489">
     <span class='ocr_line' id='line_1_22' title="bbox 132 2416 202 2489; baseline 0 0"><span class='ocrx_word' id='word_1_158' title='bbox 132 2416 202 2489; x_wconf 76' lang='lat' dir='ltr'><strong><em>nc</em></strong></span> 
     </span>
    </p>

    <p class='ocr_par' dir='ltr' id='par_1_7' title="bbox 130 2512 1260 3779">
     <span class='ocr_line' id='line_1_23' title="bbox 179 2512 1199 2593; baseline 0 -19"><span class='ocrx_word' id='word_1_159' title='bbox 179 2512 266 2575; x_wconf 88' lang='lat' dir='ltr'><strong><em>Haec</em></strong></span> <span class='ocrx_word' id='word_1_160' title='bbox 283 2514 416 2591; x_wconf 82' lang='lat' dir='ltr'><strong><em>epistula</em></strong></span> <span class='ocrx_word' id='word_1_161' title='bbox 435 2534 506 2575; x_wconf 90' lang='lat' dir='ltr'><strong><em>cum</em></strong></span> <span class='ocrx_word' id='word_1_162' title='bbox 525 2518 687 2593; x_wconf 87' lang='lat' dir='ltr'><strong><em>praesente</em></strong></span> <span class='ocrx_word' id='word_1_163' title='bbox 703 2534 777 2591; x_wconf 85' lang='lat' dir='ltr'><strong><em>rege</em></strong></span> <span class='ocrx_word' id='word_1_164' title='bbox 795 2513 949 2573; x_wconf 85' lang='lat' dir='ltr'><strong><em>Nait0n0⁴</em></strong></span> <span class='ocrx_word' id='word_1_165' title='bbox 968 2513 1089 2575; x_wconf 88' lang='lat' dir='ltr'><strong><em>multis·</em></strong></span> <span class='ocrx_word' id='word_1_166' title='bbox 1106 2528 1199 2574; x_wconf 72' lang='lat' dir='ltr'><strong><em>numu</em></strong></span> 
     </span>
     <span class='ocr_line' id='line_1_24' title="bbox 136 2588 1260 2693; baseline 0.002 -22"><span class='ocrx_word' id='word_1_167' title='bbox 136 2632 198 2690; x_wconf 91' lang='lat' dir='ltr'><strong><em>que</em></strong></span> <span class='ocrx_word' id='word_1_168' title='bbox 219 2612 297 2671; x_wconf 90' lang='lat' dir='ltr'><strong><em>uiris</em></strong></span> <span class='ocrx_word' id='word_1_169' title='bbox 314 2612 503 2673; x_wconf 84' lang='lat' dir='ltr'><strong><em>doctioribus</em></strong></span> <span class='ocrx_word' id='word_1_170' title='bbox 525 2616 605 2674; x_wconf 88' lang='lat' dir='ltr'><strong><em>esset</em></strong></span> <span class='ocrx_word' id='word_1_171' title='bbox 626 2612 712 2688; x_wconf 79' lang='lat' dir='ltr'><strong><em>lecta,</em></strong></span> <span class='ocrx_word' id='word_1_172' title='bbox 730 2632 765 2672; x_wconf 87' lang='lat' dir='ltr'><strong><em>ac</em></strong></span> <span class='ocrx_word' id='word_1_173' title='bbox 783 2612 950 2688; x_wconf 80' lang='lat' dir='ltr'><strong><em>diligenter</em></strong></span> <span class='ocrx_word' id='word_1_174' title='bbox 969 2612 1084 2688; x_wconf 87' lang='lat' dir='ltr'><strong><em>abhis,</em></strong></span> <span class='ocrx_word' id='word_1_175' title='bbox 1105 2588 1260 2693; x_wconf 55' lang='lat' dir='ltr'><strong><em>ffiffim</em></strong></span> 
     </span>
     <span class='ocr_line' id='line_1_25' title="bbox 136 2708 1255 2812; baseline 0.002 -42"><span class='ocrx_word' id='word_1_176' title='bbox 136 2711 192 2789; x_wconf 90' lang='lat' dir='ltr'><strong><em>qui</em></strong></span> <span class='ocrx_word' id='word_1_177' title='bbox 217 2711 399 2790; x_wconf 82' lang='lat' dir='ltr'><strong><em>intellegere</em></strong></span> <span class='ocrx_word' id='word_1_178' title='bbox 425 2716 576 2789; x_wconf 71' lang='lat' dir='ltr'><strong><em>poterant,</em></strong></span> <span class='ocrx_word' id='word_1_179' title='bbox 601 2713 634 2772; x_wconf 91' lang='lat' dir='ltr'><strong><em>in</em></strong></span> <span class='ocrx_word' id='word_1_180' title='bbox 663 2712 806 2789; x_wconf 80' lang='lat' dir='ltr'><strong><em>linguam</em></strong></span> <span class='ocrx_word' id='word_1_181' title='bbox 835 2712 902 2771; x_wconf 89' lang='lat' dir='ltr'><strong><em>eius</em></strong></span> <span class='ocrx_word' id='word_1_182' title='bbox 930 2712 1087 2789; x_wconf 76' lang='lat' dir='ltr'><strong><em>propriam</em></strong></span> <span class='ocrx_word' id='word_1_183' title='bbox 1105 2708 1255 2812; x_wconf 52' lang='lat' dir='ltr'><strong><em>mm</em></strong></span> 
     </span>
     <span class='ocr_line' id='line_1_26' title="bbox 134 2810 1088 2887; baseline 0.001 -17"><span class='ocrx_word' id='word_1_184' title='bbox 134 2810 347 2887; x_wconf 83' lang='lat' dir='ltr'><strong><em>interpretata,</em></strong></span> <span class='ocrx_word' id='word_1_185' title='bbox 364 2810 502 2871; x_wconf 91' lang='lat' dir='ltr'><strong><em>multum</em></strong></span> <span class='ocrx_word' id='word_1_186' title='bbox 517 2812 556 2871; x_wconf 92' lang='lat' dir='ltr'><strong><em>de</em></strong></span> <span class='ocrx_word' id='word_1_187' title='bbox 570 2812 637 2871; x_wconf 83' lang='lat' dir='ltr'><strong><em>eius</em></strong></span> <span class='ocrx_word' id='word_1_188' title='bbox 651 2811 864 2871; x_wconf 75' lang='lat' dir='ltr'><strong><em>exhortatione</em></strong></span> <span class='ocrx_word' id='word_1_189' title='bbox 877 2811 1003 2887; x_wconf 86' lang='lat' dir='ltr'><strong><em>gauisus</em></strong></span> <span class='ocrx_word' id='word_1_190' title='bbox 1022 2830 1088 2871; x_wconf 85' lang='lat' dir='ltr'><strong><em>esse</em></strong></span> 
     </span>
     <span class='ocr_line' id='line_1_27' title="bbox 134 2908 1088 2987; baseline 0.002 -20"><span class='ocrx_word' id='word_1_191' title='bbox 134 2908 320 2986; x_wconf 87' lang='lat' dir='ltr'><strong><em>perhibetur</em></strong></span> <span class='ocrx_word' id='word_1_192' title='bbox 332 2930 340 2983; x_wconf 93' lang='lat'>;</span> <span class='ocrx_word' id='word_1_193' title='bbox 368 2910 412 2969; x_wconf 87' lang='lat' dir='ltr'><strong><em>ita</em></strong></span> <span class='ocrx_word' id='word_1_194' title='bbox 439 2912 475 2969; x_wconf 90' lang='lat' dir='ltr'><strong><em>ut</em></strong></span> <span class='ocrx_word' id='word_1_195' title='bbox 503 2929 672 2987; x_wconf 82' lang='lat' dir='ltr'><strong><em>exsurgens</em></strong></span> <span class='ocrx_word' id='word_1_196' title='bbox 703 2910 743 2969; x_wconf 92' lang='lat' dir='ltr'><strong><em>de</em></strong></span> <span class='ocrx_word' id='word_1_197' title='bbox 769 2909 873 2968; x_wconf 90' lang='lat' dir='ltr'><strong><em>medio</em></strong></span> <span class='ocrx_word' id='word_1_198' title='bbox 901 2909 1088 2985; x_wconf 87' lang='lat' dir='ltr'><strong><em>optimatum</em></strong></span> 
     </span>
     <span class='ocr_line' id='line_1_28' title="bbox 134 3007 1088 3085; baseline 0.002 -18"><span class='ocrx_word' id='word_1_199' title='bbox 134 3026 266 3067; x_wconf 85' lang='lat' dir='ltr'><strong><em>suorum</em></strong></span> <span class='ocrx_word' id='word_1_200' title='bbox 282 3027 438 3083; x_wconf 83' lang='lat' dir='ltr'><strong><em>consessu,</em></strong></span> <span class='ocrx_word' id='word_1_201' title='bbox 453 3028 554 3085; x_wconf 84' lang='lat' dir='ltr'><strong><em>genua</em></strong></span> <span class='ocrx_word' id='word_1_202' title='bbox 563 3008 701 3069; x_wconf 89' lang='lat' dir='ltr'><strong><em>flecteret</em></strong></span> <span class='ocrx_word' id='word_1_203' title='bbox 711 3007 746 3067; x_wconf 93' lang='lat' dir='ltr'><strong><em>in</em></strong></span> <span class='ocrx_word' id='word_1_204' title='bbox 756 3011 879 3079; x_wconf 79' lang='lat' dir='ltr'><strong><em>ternam,</em></strong></span> <span class='ocrx_word' id='word_1_205' title='bbox 893 3008 960 3067; x_wconf 91' lang='lat' dir='ltr'><strong><em>Deo</em></strong></span> <span class='ocrx_word' id='word_1_206' title='bbox 973 3007 1088 3084; x_wconf 84' lang='lat' dir='ltr'><strong><em>gratias</em></strong></span> 
     </span>
     <span class='ocr_line' id='line_1_29' title="bbox 133 3106 1087 3183; baseline 0.001 -18"><span class='ocrx_word' id='word_1_207' title='bbox 133 3124 241 3183; x_wconf 83' lang='lat' dir='ltr'><strong><em>agens,</em></strong></span> <span class='ocrx_word' id='word_1_208' title='bbox 273 3107 355 3183; x_wconf 86' lang='lat' dir='ltr'><strong><em>quod</em></strong></span> <span class='ocrx_word' id='word_1_209' title='bbox 385 3106 447 3167; x_wconf 83' lang='lat' dir='ltr'><strong><em>tale</em></strong></span> <span class='ocrx_word' id='word_1_210' title='bbox 480 3106 703 3167; x_wconf 86' lang='lat' dir='ltr'><strong><em>munusculum</em></strong></span> <span class='ocrx_word' id='word_1_211' title='bbox 732 3106 771 3165; x_wconf 90' lang='lat' dir='ltr'><strong><em>de</em></strong></span> <span class='ocrx_word' id='word_1_212' title='bbox 798 3107 880 3165; x_wconf 87' lang='lat' dir='ltr'><strong><em>terra</em></strong></span> <span class='ocrx_word' id='word_1_213' title='bbox 908 3106 1087 3183; x_wconf 87' lang='lat' dir='ltr'><strong><em>Anglorum</em></strong></span> 
     </span>
     <span class='ocr_line' id='line_1_30' title="bbox 133 3204 1088 3283; baseline 0 -18"><span class='ocrx_word' id='word_1_214' title='bbox 133 3208 311 3265; x_wconf 86' lang='lat' dir='ltr'><strong><em>mereretur</em></strong></span> <span class='ocrx_word' id='word_1_215' title='bbox 330 3204 474 3282; x_wconf 85' lang='lat' dir='ltr'><strong><em>accipere.</em></strong></span> <span class='ocrx_word' id='word_1_216' title='bbox 522 3206 583 3265; x_wconf 83' lang='lat' dir='ltr'><strong><em>‘Et</em></strong></span> <span class='ocrx_word' id='word_1_217' title='bbox 603 3205 732 3283; x_wconf 90' lang='lat' dir='ltr'><strong><em>quidem</em></strong></span> <span class='ocrx_word' id='word_1_218' title='bbox 755 3206 787 3263; x_wconf 89' lang='lat' dir='ltr'><strong><em>et</em></strong></span> <span class='ocrx_word' id='word_1_219' title='bbox 810 3206 901 3263; x_wconf 80' lang='lat' dir='ltr'><strong><em>antes</em></strong></span> <span class='ocrx_word' id='word_1_220' title='bbox 923 3204 1018 3278; x_wconf 85' lang='lat' dir='ltr'><strong><em>noui,’</em></strong></span> <span class='ocrx_word' id='word_1_221' title='bbox 1043 3205 1088 3265; x_wconf 92' lang='lat' dir='ltr'><strong><em>in·</em></strong></span> 
     </span>
     <span class='ocr_line' id='line_1_31' title="bbox 132 3304 1087 3383; baseline 0.002 -19"><span class='ocrx_word' id='word_1_222' title='bbox 132 3305 215 3383; x_wconf 86' lang='lat' dir='ltr'><strong><em>quit,</em></strong></span> <span class='ocrx_word' id='word_1_223' title='bbox 244 3305 337 3382; x_wconf 82' lang='lat' dir='ltr'><strong><em>‘quis</em></strong></span> <span class='ocrx_word' id='word_1_224' title='bbox 357 3305 433 3365; x_wconf 89' lang='lat' dir='ltr'><strong><em>haec</em></strong></span> <span class='ocrx_word' id='word_1_225' title='bbox 454 3308 519 3365; x_wconf 85' lang='lat' dir='ltr'><strong><em>erat</em></strong></span> <span class='ocrx_word' id='word_1_226' title='bbox 540 3326 614 3366; x_wconf 87' lang='lat' dir='ltr'><strong><em>uera</em></strong></span> <span class='ocrx_word' id='word_1_227' title='bbox 636 3304 767 3383; x_wconf 77' lang='lat' dir='ltr'><strong><em>paschae</em></strong></span> <span class='ocrx_word' id='word_1_228' title='bbox 788 3304 961 3381; x_wconf 85' lang='lat' dir='ltr'><strong><em>celebratio,</em></strong></span> <span class='ocrx_word' id='word_1_229' title='bbox 978 3306 1031 3365; x_wconf 89' lang='lat' dir='ltr'><strong><em>sed</em></strong></span> <span class='ocrx_word' id='word_1_230' title='bbox 1053 3306 1087 3366; x_wconf 89' lang='lat' dir='ltr'><strong><em>in</em></strong></span> 
     </span>
     <span class='ocr_line' id='line_1_32' title="bbox 131 3402 1088 3479; baseline 0 -14"><span class='ocrx_word' id='word_1_231' title='bbox 131 3406 262 3465; x_wconf 82' lang='lat' dir='ltr'><strong><em>tantum</em></strong></span> <span class='ocrx_word' id='word_1_232' title='bbox 295 3405 389 3464; x_wconf 90' lang='lat' dir='ltr'><strong><em>modo</em></strong></span> <span class='ocrx_word' id='word_1_233' title='bbox 421 3405 574 3465; x_wconf 89' lang='lat' dir='ltr'><strong><em>rationem</em></strong></span> <span class='ocrx_word' id='word_1_234' title='bbox 603 3404 698 3465; x_wconf 81' lang='lat' dir='ltr'><strong><em>huius</em></strong></span> <span class='ocrx_word' id='word_1_235' title='bbox 724 3402 874 3479; x_wconf 84' lang='lat' dir='ltr'><strong><em>temporis</em></strong></span> <span class='ocrx_word' id='word_1_236' title='bbox 901 3402 1088 3465; x_wconf 86' lang='lat' dir='ltr'><strong><em>obseruandi</em></strong></span> 
     </span>
     <span class='ocr_line' id='line_1_33' title="bbox 130 3500 1088 3580; baseline 0 -16"><span class='ocrx_word' id='word_1_237' title='bbox 130 3522 296 3580; x_wconf 86' lang='lat' dir='ltr'><strong><em>cognosco,</em></strong></span> <span class='ocrx_word' id='word_1_238' title='bbox 323 3506 360 3564; x_wconf 89' lang='lat' dir='ltr'><strong><em>ut</em></strong></span> <span class='ocrx_word' id='word_1_239' title='bbox 387 3522 498 3580; x_wconf 87' lang='lat' dir='ltr'><strong><em>parum</em></strong></span> <span class='ocrx_word' id='word_1_240' title='bbox 527 3502 605 3564; x_wconf 89' lang='lat' dir='ltr'><strong><em>mihi</em></strong></span> <span class='ocrx_word' id='word_1_241' title='bbox 630 3500 822 3562; x_wconf 85' lang='lat' dir='ltr'><strong><em>omnimodis</em></strong></span> <span class='ocrx_word' id='word_1_242' title='bbox 845 3500 954 3562; x_wconf 88' lang='lat' dir='ltr'><strong><em>uidear</em></strong></span> <span class='ocrx_word' id='word_1_243' title='bbox 977 3503 1016 3562; x_wconf 91' lang='lat' dir='ltr'><strong><em>de</em></strong></span> <span class='ocrx_word' id='word_1_244' title='bbox 1037 3504 1088 3564; x_wconf 81' lang='lat' dir='ltr'><strong><em>hie</em></strong></span> 
     </span>
     <span class='ocr_line' id='line_1_34' title="bbox 131 3600 1082 3679; baseline 0.001 -17"><span class='ocrx_word' id='word_1_245' title='bbox 131 3606 230 3663; x_wconf 87' lang='lat' dir='ltr'><strong><em>antea</em></strong></span> <span class='ocrx_word' id='word_1_246' title='bbox 257 3602 458 3663; x_wconf 83' lang='lat' dir='ltr'><strong><em>intellexisse.</em></strong></span> <span class='ocrx_word' id='word_1_247' title='bbox 503 3602 597 3663; x_wconf 90' lang='lat' dir='ltr'><strong><em>Unde</em></strong></span> <span class='ocrx_word' id='word_1_248' title='bbox 625 3602 728 3679; x_wconf 83' lang='lat' dir='ltr'><strong><em>palum</em></strong></span> <span class='ocrx_word' id='word_1_249' title='bbox 755 3600 903 3678; x_wconf 84' lang='lat' dir='ltr'><strong><em>profiteor</em></strong></span> <span class='ocrx_word' id='word_1_250' title='bbox 925 3601 1082 3679; x_wconf 85' lang='lat' dir='ltr'><strong><em>uobisque,</em></strong></span> 
     </span>
     <span class='ocr_line' id='line_1_35' title="bbox 130 3698 1086 3779; baseline 0.001 -19"><span class='ocrx_word' id='word_1_251' title='bbox 130 3701 190 3779; x_wconf 92' lang='lat' dir='ltr'><strong><em>qui</em></strong></span> <span class='ocrx_word' id='word_1_252' title='bbox 200 3700 357 3777; x_wconf 85' lang='lat' dir='ltr'><strong><em>adsidetis,</em></strong></span> <span class='ocrx_word' id='word_1_253' title='bbox 369 3701 584 3778; x_wconf 83' lang='lat' dir='ltr'><strong><em>praesentibus</em></strong></span> <span class='ocrx_word' id='word_1_254' title='bbox 594 3703 757 3779; x_wconf 87' lang='lat' dir='ltr'><strong><em>protestor,</em></strong></span> <span class='ocrx_word' id='word_1_255' title='bbox 770 3699 910 3777; x_wconf 91' lang='lat' dir='ltr'><strong><em>quiahoc</em></strong></span> <span class='ocrx_word' id='word_1_256' title='bbox 920 3698 1086 3761; x_wconf 87' lang='lat' dir='ltr'><strong><em>obseruare</em></strong></span> 
     </span>
    </p>
   </div>
   <div class='ocr_carea' id='block_1_3' title="bbox 127 3832 1092 3976">
    <p class='ocr_par' dir='ltr' id='par_1_8' title="bbox 127 3832 1092 3976">
     <span class='ocr_line' id='line_1_36' title="bbox 166 3832 1092 3895; baseline 0 -12"><span class='ocrx_word' id='word_1_257' title='bbox 166 3832 174 3861; x_wconf 87' lang='lat'><strong>¹</strong></span> <span class='ocrx_word' id='word_1_258' title='bbox 193 3836 337 3895; x_wconf 76' lang='lat' dir='ltr'><strong><em>quantum,</em></strong></span> <span class='ocrx_word' id='word_1_259' title='bbox 349 3837 425 3884; x_wconf 79' lang='lat' dir='ltr'><strong><em>added</em></strong></span> <span class='ocrx_word' id='word_1_260' title='bbox 436 3848 466 3882; x_wconf 82' lang='lat' dir='ltr'><strong><em>on</em></strong></span> <span class='ocrx_word' id='word_1_261' title='bbox 476 3840 572 3894; x_wconf 74' lang='lat' dir='ltr'><strong><em>murcia</em></strong></span> <span class='ocrx_word' id='word_1_262' title='bbox 584 3834 620 3885; x_wconf 74' lang='grc' dir='ltr'><strong><em>Μ.</em></strong></span> <span class='ocrx_word' id='word_1_263' title='bbox 709 3832 719 3861; x_wconf 85' lang='lat'>²</span> <span class='ocrx_word' id='word_1_264' title='bbox 735 3832 828 3882; x_wconf 83' lang='lat' dir='ltr'><strong><em>turbas</em></strong></span> <span class='ocrx_word' id='word_1_265' title='bbox 838 3848 882 3881; x_wconf 81' lang='lat' dir='ltr'><strong><em>orn.</em></strong></span> <span class='ocrx_word' id='word_1_266' title='bbox 897 3832 979 3881; x_wconf 78' lang='lat' dir='ltr'><strong><em>(laud</em></strong></span> <span class='ocrx_word' id='word_1_267' title='bbox 990 3836 1025 3882; x_wconf 78' lang='lat' dir='ltr'><strong><em>m</em></strong></span> <span class='ocrx_word' id='word_1_268' title='bbox 1036 3849 1052 3883; x_wconf 81' lang='lat' dir='ltr'><strong><em>a</em></strong></span> <span class='ocrx_word' id='word_1_269' title='bbox 1063 3838 1092 3892; x_wconf 76' lang='lat' dir='ltr'><strong><em>cs</em></strong></span> 
     </span>
     <span class='ocr_line' id='line_1_37' title="bbox 127 3909 986 3976; baseline 0 -14"><span class='ocrx_word' id='word_1_270' title='bbox 127 3912 236 3962; x_wconf 70' lang='lat' dir='ltr'><strong><em>meritas</em></strong></span> <span class='ocrx_word' id='word_1_271' title='bbox 247 3916 332 3961; x_wconf 65' lang='lat' dir='ltr'><strong><em>mmcd</em></strong></span> <span class='ocrx_word' id='word_1_272' title='bbox 348 3916 396 3961; x_wconf 85' lang='lat' dir='ltr'><strong><em>into</em></strong></span> <span class='ocrx_word' id='word_1_273' title='bbox 407 3927 440 3973; x_wconf 87' lang='lat' dir='ltr'><strong><em>o;</em></strong></span> <span class='ocrx_word' id='word_1_274' title='bbox 456 3928 481 3961; x_wconf 78' lang='lat' dir='ltr'><strong><em>so</em></strong></span> <span class='ocrx_word' id='word_1_275' title='bbox 492 3911 531 3976; x_wconf 77' lang='lat'><strong><em>0,</em></strong></span> <span class='ocrx_word' id='word_1_276' title='bbox 630 3912 639 3941; x_wconf 85' lang='lat'><strong>¹</strong></span> <span class='ocrx_word' id='word_1_277' title='bbox 658 3914 692 3961; x_wconf 86' lang='lat' dir='ltr'><strong><em>·ri</em></strong></span> <span class='ocrx_word' id='word_1_278' title='bbox 704 3912 740 3961; x_wconf 80' lang='lat' dir='ltr'><strong><em>M.</em></strong></span> <span class='ocrx_word' id='word_1_279' title='bbox 806 3909 816 3939; x_wconf 84' lang='lat'><strong>⁴</strong></span> <span class='ocrx_word' id='word_1_280' title='bbox 833 3911 946 3961; x_wconf 80' lang='lat' dir='ltr'><strong><em>naitano</em></strong></span> <span class='ocrx_word' id='word_1_281' title='bbox 957 3912 986 3962; x_wconf 82' lang='lat'><strong><em>0.</em></strong></span> 
     </span>
    </p>
   </div>
   <div class='ocr_carea' id='block_1_4' title="bbox 0 0 1434 4334">
    <p class='ocr_par' dir='ltr' id='par_1_9' title="bbox 0 0 1434 4334">
     <span class='ocr_line' id='line_1_38' title="bbox 0 0 1434 4334; baseline 0 3"><span class='ocrx_word' id='word_1_282' title='bbox 0 0 1434 4334; x_wconf 95' lang='lat' dir='ltr'><strong><em> </em></strong></span> 
     </span>
    </p>
   </div>
  </div>
 </body>
</html>
