2859 4334
345 263 408 326 158
612 254 771 324 neom
792 253 1024 322 Eoelwirm‘ro
1169 261 1299 326 [imni

343 435 442 496 redire
470 433 661 511 disponebat,
692 432 820 493 accessit
848 431 888 492 ad
915 431 1095 509 episcopum
1121 428 1298 495 Aidanum,

343 535 507 594 obsecrans
528 553 601 592 eum
621 551 678 608 pro
698 551 733 592 se
753 531 887 608 suisque,
910 530 965 608 qui
982 532 1108 590 tantum
1128 528 1302 588 iterarent

343 631 526 710 adgressuri,
551 631 687 692 Domino
708 630 891 708 supplicare.
935 629 1004 704 Qui·
1019 628 1205 688 benedicens
1225 623 1302 684 illos

342 753 376 792 ae
401 731 539 792 Domino
566 730 799 805 commendans,
824 728 911 788 dedit
938 727 1033 788 stiam
1057 726 1163 787 oleum
1187 723 1302 784 sancti·

343 831 486 890 ficetum:
505 829 608 902 ‘Scio,’
617 828 772 905 inquiens,
787 827 881 905 ‘quia,
894 826 950 887 ubi
959 847 1074 887 nauem
1083 823 1298 894 ascenderitis

342 931 513 1005 tempestas
526 927 623 1003 uobis,
641 929 673 987 et
685 930 801 986 uentus
815 925 990 986 contrarius
1002 924 1224 1003 superueniot3
1243 921 1302 982 sed

343 1031 378 1088 tu
400 1029 569 1101 memento,
594 1028 630 1086 ut
650 1025 709 1085 hoe
730 1024 843 1100 oleum,
870 1026 953 1102 quod
973 1023 1033 1085 tibi
1053 1024 1102 1099 do,
1129 1023 1242 1082 mittas
1266 1021 1300 1080 in

343 1145 448 1200 mare;
476 1129 508 1185 et
523 1125 631 1184 statim
649 1123 882 1202 quiescentibus
898 1123 1011 1198 uentis
1034 1123 1186 1182 serenitas
1202 1121 1301 1181 maris

343 1244 401 1284 uos
428 1224 509 1283 laeta
535 1224 746 1299 prosequetur,
770 1241 807 1282 ao
830 1222 934 1298 cupito
961 1221 1075 1282 itinere
1096 1223 1228 1282 domum
1258 1240 1301 1280 re

344 1322 471 1383 mittet!
527 1321 613 1396 Quae
639 1323 759 1396 cuncta,
791 1324 829 1382 ut
855 1322 1049 1399 praedixerat
1082 1321 1223 1394 antistes,
1262 1339 1300 1379 ex

343 1421 453 1480 ordine
474 1421 617 1496 conpleta
634 1421 730 1494 sunt;
754 1421 932 1498 etquidem
952 1419 1100 1498 inprimis
1120 1417 1300 1479 furentibus

344 1519 438 1579 undis
451 1518 560 1596 pelagi,
575 1517 751 1579 temtabant
761 1522 875 1580 nautae
887 1519 1032 1580 anchoris
1044 1520 1080 1579 in
1093 1539 1180 1578 mare
1195 1516 1300 1577 missis

344 1637 457 1678 nauem
473 1617 615 1690 retinere,
629 1636 732 1693 neque
742 1616 801 1676 hoc
811 1620 940 1694 agentes
950 1617 1069 1695 aliquid
1084 1616 1295 1694 proficiebant

344 1716 487 1793 Cumque
504 1714 701 1775 uerrentibus
724 1715 865 1792 undique
885 1719 917 1777 et
936 1715 1058 1793 inplere
1074 1713 1298 1792 incipientibus

344 1834 458 1875 nauem
487 1813 641 1888 fluctibus,
674 1817 810 1873 mortem
838 1813 899 1874 sibi
926 1835 1039 1875 omnes
1070 1815 1237 1887 inminere,
1267 1815 1298 1872 et

344 1912 533 1990 iamiamque
557 1912 664 1972 adesse
688 1911 841 1987 uiderent,
868 1915 999 1974 tandem
1022 1914 1187 1991 presbyter
1210 1913 1298 1972 remi·

345 2013 470 2072 niseens
491 2010 585 2070 uerba
605 2009 766 2085 antistitis,
794 2011 939 2072 adsumta
960 2011 1119 2090 ampulla¹
1147 2012 1236 2072 misit
1259 2013 1296 2072 de

345 2110 414 2169 oleo
435 2109 470 2168 in
492 2111 634 2187 pontum,
662 2110 694 2168 et
721 2109 839 2184 statim,
867 2112 903 2170 ut
927 2109 1122 2187 praedictum
1145 2113 1218 2180 erat,
1242 2127 1296 2168 suo

345 2208 464 2286 quieuit
477 2228 496 2267 a
509 2208 637 2268 feruore.
681 2207 794 2284 Sicque
806 2208 924 2269 factum
939 2212 994 2283 est,
1010 2211 1047 2268 ut
1062 2208 1114 2267 uir
1128 2209 1188 2269 Dei
1200 2210 1232 2266 et
1244 2226 1298 2283 per

344 2306 524 2384 prophetiae
538 2305 702 2382 spiritum'
713 2309 931 2384 tempestatem
945 2307 1137 2385 praedixerit
1149 2308 1294 2378 futuram,

344 2407 375 2464 et
386 2423 440 2480 per
451 2404 600 2464 uirtutem
612 2405 752 2465 eiusdem
761 2405 891 2482 spiritus
901 2406 983 2465 hanc
992 2409 1144 2481 exortem,
1156 2402 1297 2483 quamuis

344 2503 542 2579 corporaliter
554 2504 674 2574 absens,
688 2503 847 2579 sopiuerit.
885 2505 984 2566 cuius
997 2505 1143 2565 ordinem
1157 2501 1296 2563 miraculi

344 2621 410 2660 non
437 2601 569 2679 quilibet
595 2601 710 2662 dubius
745 2603 866 2679 relator,
897 2603 953 2663 sed
981 2603 1186 2663 fidelissimus
1219 2601 1296 2662 mihi

345 2700 468 2759 nostrae
489 2699 633 2759 ecelesiae
646 2700 817 2778 presbyter,
834 2701 1038 2780 Cynimund⁸
1052 2701 1211 2776 uocabulo,
1232 2721 1297 2760 nar

344 2796 434 2873 rauit,
455 2797 509 2875 qui
529 2817 563 2857 se
583 2797 643 2858 hoe
664 2799 703 2858 ab
725 2798 794 2874 ipso
816 2799 896 2861 Utta
915 2800 1108 2879 presbytero,
1131 2799 1165 2860 in
1185 2820 1244 2878 quo
1264 2804 1296 2858 et

344 2915 506 2973 perquem
520 2896 700 2973 conpletum
715 2901 770 2971 est,
787 2899 911 2958 audisse
925 2899 1119 2977 perhibebat

715 3096 808 3158 OAP.
833 3098 922 3160 XVI.

397 3249 424 3294 Ut
435 3249 495 3293 idem
507 3249 627 3294 admotum
638 3249 668 3294 eb
679 3250 783 3294 testibus
793 3252 848 3296 arti
857 3253 935 3308 raptae
945 3252 1025 3308 mmm
1034 3255 1125 3299 mondo
1135 3255 1253 3300 amonuit.

261 3378 288 3409 cr
385 3355 494 3414 Aaron
509 3357 648 3415 eiusdem
663 3355 763 3432 patris
776 3358 978 3418 memorabile
989 3360 1179 3421 miraculum
1191 3360 1294 3419 ferunt

173 3437 208 3468 ”¹¹
263 3437 283 3468 ⁰¹
345 3452 447 3522 multi,
462 3452 517 3529 qui
530 3473 621 3512 nosse
634 3457 813 3531 potuerunt.
851 3456 934 3516 Nam
948 3461 1092 3535 tempore
1105 3461 1295 3538 episcopatus

346 3552 419 3624 eius,
444 3550 566 3611 hostilis
588 3551 774 3612 Marciorum
799 3554 952 3615 exercitus
981 3556 1092 3618 Penda
1120 3559 1195 3618 duce
1221 3555 1295 3614 Nor·

346 3648 614 3726 danhymbrorum
642 3652 785 3729 regiones
813 3652 911 3730 impia
941 3655 1029 3716 clade
1055 3659 1151 3737 longe
1176 3658 1295 3733 lateque

346 3749 511 3808 deuastans
531 3749 674 3825 peruenit
697 3752 737 3810 ad
759 3751 870 3811 urbem
893 3773 992 3831 usquc
1014 3756 1141 3834 regiam,
1162 3775 1236 3834 quae
1256 3774 1293 3813 ex

477 3889 620 3954 ¹·pulalli.
721 3891 847 3947 ’tuan
947 3897 1056 3962 ’cyne-
1069 3902 1099 3952 C.
1111 3901 1152 3953 13¹.
