2859 4334
132 294 192 342 cla
205 287 262 352 ῐν.]
433 275 548 344 (ieratis
571 277 777 362 Aoplomcm.
1019 275 1083 340 133

131 451 199 510 obis
222 451 400 511 Scottorum
423 451 544 526 tradita,
571 470 607 510 eo
635 451 718 528 quod
747 449 810 510 illis
834 449 1084 528 praedicantibus

130 550 227 612 fidem
243 549 360 611 Christi
374 550 573 626 perceperint.

499 802 591 863 OAP.
616 801 672 862 IV.

296 954 392 1010 corno
403 967 459 1010 aaa
470 954 666 1008 nemausen
679 953 763 998 ariao
769 955 893 1008 mearat
901 949 919 998 ¹.

171 1085 333 1156 Sroumuu
358 1107 441 1146 anno
466 1085 688 1146 incarnationis
713 1085 885 1145 dominicae
907 1085 1079 1160 D⁰LX⁰V⁰,
1101 1098 1244 1144 ffluionor

72 1227 76 1236 ·
129 1205 193 1264 quo
229 1187 367 1262 tempore
401 1184 645 1262 gubernaculum
680 1184 817 1243 Romani
850 1183 973 1260 imperii
991 1181 995 1263 Ι
1013 1188 1083 1261 post
1100 1159 1257 1263 tcffguffihf⁰

130 1283 348 1344 Iustinianum
363 1283 507 1343 Iustinus
518 1282 621 1342 minor
634 1282 758 1359 accepit,
776 1281 864 1341 uenit
878 1281 917 1342 de
930 1282 1084 1344 Hibernia
1100 1291 1146 1322 orn
1158 1278 1232 1329 ΡΜ·

129 1381 294 1460 presbyter
314 1384 345 1440 et
372 1380 466 1440 abbas
491 1380 598 1440 habitu
623 1383 654 1439 et
681 1381 747 1439 uita
770 1380 915 1440 monachi
939 1379 1080 1457 insignis,
1100 1340 1208 1393 mm

131 1481 263 1540 nomino
291 1480 443 1540 Columba
467 1479 664 1554 Brittaniam,
691 1479 923 1556 praedicaturus
951 1479 1085 1539 uerbum

130 1578 192 1638 Dei
213 1578 383 1655 prouinciis
400 1578 694 1655 septentrionalium
713 1577 883 1652 Pictorum,
901 1578 959 1638 hoc
976 1582 1023 1638 est
1040 1577 1085 1637 eis

132 1697 212 1755 quae
232 1677 337 1736 arduis
354 1667 446 1753 atque
467 1675 665 1736 horrentibus
685 1677 844 1737 montium
863 1677 943 1754 iugis
960 1677 999 1736 ab
1014 1696 1084 1736 aus-

131 1775 264 1835 tralibus
278 1795 386 1834 eorum
400 1778 475 1835 sunt
489 1775 667 1853 regionibus
681 1777 896 1852 sequestratae.
942 1773 1085 1850 Namque

132 1875 193 1953 ipsi
214 1875 364 1934 australes
384 1873 475 1949 Picti,
498 1874 552 1950 qui
571 1873 655 1934 intra
679 1875 804 1934 eosdem
826 1876 950 1933 montes
967 1873 1084 1933 habent

132 1975 231 2048 sedes,
248 1973 350 2032 multo
365 1975 438 2032 ante
452 1975 600 2050 tempore,
619 1976 655 2033 ut
669 1972 844 2050 perhibent,
859 1971 968 2031 relicto
982 1992 1084 2031 errore

132 2073 302 2146 idolatriae,
330 2071 425 2132 fidem
449 2071 591 2131 ueritatis
612 2075 798 2148 acceperant,
822 2070 1019 2148 praedicante
1039 2069 1085 2129 eis

133 2173 267 2232 uerbum
285 2171 388 2248 Nynia
405 2171 548 2248 episcopo
567 2170 817 2230 reuerentissimo
836 2174 868 2230 et
887 2169 1082 2229 sanctissimo
1101 2176 1250 2221 convomion

132 2271 201 2332 uiro
216 2271 254 2330 de
268 2271 393 2330 natione
407 2271 606 2344 Brettonum,
624 2269 679 2346 qui
692 2273 758 2329 erat
770 2269 888 2328 Romae
902 2267 1084 2344 regulariter
1101 2235 1223 2340 {mem

131 2371 229 2432 fidem
247 2374 279 2429 et
300 2369 449 2446 mysteria
467 2369 609 2428 ueritatis
626 2370 774 2442 edoctus;
795 2367 883 2426 cuius
900 2365 1006 2425 sedem
1024 2367 1085 2444 epi·
1102 2354 1212 2468 {ssffil

131 2473 285 2546 scopatae,
310 2468 409 2528 sancti
436 2467 564 2527 Martini
586 2466 721 2543 episcopi
750 2465 879 2525 nomine
904 2469 935 2525 ot
959 2464 1086 2526 ecclesia

130 2568 299 2646 insignem,
328 2566 381 2626 ubi
406 2565 471 2643 ipse
493 2565 586 2625 etiam
612 2585 738 2642 corpore
761 2584 919 2624 unacum
943 2562 1086 2640 pluribus

132 2667 251 2728 sanct-is
269 2664 441 2742 requiescit,
466 2663 529 2723 iam
551 2684 634 2723 nunc
656 2664 833 2742 Anglorum
853 2683 931 2740 gens
952 2662 1081 2722 obtinet.

133 2767 196 2842 Qui
222 2765 317 2839 locus,
349 2763 388 2823 ad
416 2762 610 2840 prouinciam
642 2762 859 2822 Berniciorum
889 2759 1081 2838 pertinensl,

133 2865 230 2942 uulgo
245 2866 373 2922 uocatur
386 2863 438 2921 Ad
455 2861 626 2922 Candidam
643 2861 762 2935 Caeam,
779 2882 815 2920 eo
834 2861 917 2938 qnod
934 2859 977 2919 ibi
994 2858 1085 2917 eccle·

131 2963 214 3024 siam
228 2962 266 3022 de
281 2961 392 3037 lapido,
411 2959 539 3020 insolito
555 2959 761 3019 Brettonibus
776 2979 862 3018 more
876 2958 989 3018 fecerit.

173 3061 272 3123 Uenit
294 3063 399 3119 autem
424 3057 614 3118 Brittaniam
636 3057 794 3133 Columba,
816 3059 965 3134 regnante
987 3055 1085 3115 Pictis

133 3161 244 3222 Bridio
262 3159 327 3220 filio
348 3157 531 3232 Meilochou,
556 3177 626 3234 rege
644 3156 871 3233 potentissimo,
893 3175 978 3214 nono
1002 3174 1086 3213 anno

133 3261 222 3340 regni
236 3260 311 3334 eius,
324 3262 512 3337 gentemque
525 3257 613 3316 illam
625 3257 720 3317 uerbo
733 3259 766 3315 et
780 3255 923 3332 exemplo
936 3252 974 3313 ad
990 3253 1085 3313 fidem

134 3359 252 3423 Christi
274 3357 446 3432 conuertit;
468 3357 551 3417 unde
575 3359 607 3416 et
628 3355 799 3432 praefatam
820 3354 958 3414 insulam
977 3351 1015 3411 ab
1040 3351 1085 3410 eis
1103 3361 1224 3405 (tranans

134 3459 168 3518 in
193 3457 418 3536 possessionem
444 3453 625 3516 monasterii
649 3453 784 3514 faciendi
807 3451 931 3528 accepit.
977 3450 1086 3526 Neque
1103 3421 1231 3526 &Um

134 3557 221 3617 onim
241 3577 355 3633 magna
374 3559 430 3629 est,
447 3553 501 3614 sed
520 3553 609 3631 quasi
626 3553 818 3613 familiarum
837 3551 982 3627 quinque,
999 3549 1086 3608 iuxta

133 3654 407 3716 aestimationom³
442 3652 640 3730 Anglorum;
675 3671 770 3728 quam
800 3669 991 3710 successores
1018 3647 1086 3708 eius

134 3773 233 3832 usque
261 3753 354 3812 hodie
382 3755 499 3828 tenent,
532 3751 586 3810 ubi
613 3754 645 3811 et
672 3750 739 3827 ipse
763 3748 906 3826 sepultus
929 3751 984 3823 eat,
1011 3765 1083 3806 cum

150 3937 327 4001 ¹·cipsn'tli.
360 3933 617 3998 'ad...pertinons
627 3939 702 3982 added
712 3949 743 3982 on
754 3937 850 3993 morfia
861 3931 896 3982 Μ.
939 3930 1024 3980 ³·nes
1035 3930 1069 3980 N.
