2859 4334
372 309 437 372 246
641 307 802 372 Historia
824 305 1056 372 Ecclesiastico
1195 315 1261 380 [aa
1274 316 1313 363 ιν.

371 481 521 542 cicatricis
535 481 664 559 uestigia
680 485 830 559 parerent.
874 481 935 542 Sed
952 485 985 541 et
1002 479 1187 540 linteamina
1205 476 1312 539 omnia

372 581 486 656 quibus
510 581 690 641 inuolutum
714 584 781 640 erat
807 600 925 657 corpus,
953 581 1074 657 integra
1100 581 1311 656 apparuerunt,

373 679 461 740 etita
476 699 564 754 noua,
582 684 618 740 ut
632 680 699 758 ipso
713 680 764 738 die
779 680 963 739 uiderentur
981 678 1073 738 castis
1086 678 1153 737 eius
1171 675 1315 736 membris
1405 720 1406 725 η

373 797 439 838 esse
459 778 668 839 circumdata’
710 779 830 838 Ferunt
850 780 964 850 autem,
988 778 1067 854 quia,
1092 796 1165 836 cum
1185 775 1315 852 praefato

373 881 495 936 tumore
513 897 548 936 ao
566 878 672 936 dolore
686 875 831 936 maxillae
851 877 918 936 siue
937 876 1007 936 colli
1025 879 1229 953 premeretur,
1246 872 1317 933 mul·

374 978 443 1034 tum
468 975 618 1034 delectata
645 975 687 1035 sit
714 975 774 1035 hoc
801 995 915 1052 genere
941 975 1146 1047 infirmitatis,
1173 994 1209 1034 ac
1232 973 1316 1032 solita

374 1074 492 1134 dicere:
518 1074 605 1134 ‘Scio
619 1074 798 1148 certissime,
820 1073 825 1153 1
843 1074 916 1150 quia
928 1074 1041 1133 merito
1055 1074 1090 1132 in
1105 1073 1186 1132 collo
1200 1072 1316 1149 pondus
1329 1079 1368 1119 aa
1382 1079 1392 1107 ¹*

374 1171 510 1248 langoris
530 1175 628 1248 porto.
647 1172 757 1249 inquo
775 1172 976 1232 iuuenculam
995 1192 1047 1231 me
1065 1172 1199 1231 memini
1219 1189 1315 1246 super·

374 1290 470 1330 uacua
493 1269 697 1330 moniliorum
724 1271 862 1346 pondera
885 1273 1029 1346 portare3
1057 1274 1089 1330 et
1112 1270 1214 1343 credo,
1241 1268 1316 1344 quod

374 1370 443 1429 ideo
463 1389 514 1429 me
532 1389 666 1444 superna
681 1369 781 1444 pietas
801 1369 906 1429 dolore
924 1369 997 1428 colli
1018 1368 1120 1428 uoluit
1138 1369 1270 1445 grauari,
1285 1370 1316 1424 ut

373 1471 417 1529 sie
441 1468 583 1527 absoluat
605 1466 710 1527 reatu¹
734 1487 941 1543 superuacuae
962 1467 1121 1540 leuitatis3
1142 1467 1221 1526 dum
1245 1464 1316 1525 mihi

374 1589 458 1629 nunc
479 1588 536 1645 pro
557 1587 632 1627 auro
652 1570 684 1626 et
706 1566 902 1644 margaritis²,
921 1569 959 1628 de
978 1568 1058 1627 collo
1079 1566 1176 1626 rubor
1194 1564 1319 1626 tumoris
1405 1570 1406 1575 ’

373 1669 525 1743 ardorque
538 1666 734 1742 promineat!
776 1665 916 1742 Contigit
930 1669 1038 1725 autem
1056 1668 1140 1725 tactu
1160 1665 1318 1725 indumen·
1405 1650 1406 1709 ἶ

373 1770 478 1826 torum
510 1765 682 1824 eorundem
709 1767 742 1823 et
769 1764 933 1824 daemonia
963 1764 1002 1824 ab
1030 1763 1166 1824 obsessis
1193 1764 1319 1840 effugata
1405 1780 1406 1831 ᾗ

374 1864 560 1941 corporibus,
579 1866 609 1922 et
622 1863 823 1923 infirmitates
835 1863 912 1923 alias
930 1863 1096 1939 aliquoties
1113 1883 1183 1922 esse
1197 1865 1318 1922 curatas

374 1965 435 2024 Sed
460 1967 491 2022 et
512 1963 658 2037 loculum,
677 1963 710 2021 in
732 1983 794 2039 quo
814 1963 917 2038 primo
938 1963 1062 2039 sepulta
1082 1964 1138 2036 est,
1164 1960 1320 2021 nonnullis

375 2064 480 2122 oeulos
508 2061 686 2121 dolentibus
713 2061 809 2121 saluti
837 2061 934 2121 fuisse
961 2061 1149 2138 perhibent;
1175 2061 1321 2137 quicum

374 2182 467 2222 suum
493 2163 583 2236 caput
608 2161 708 2219 eidem
731 2160 833 2220 loculo
857 2161 1050 2238 adponentes
1075 2164 1227 2230 orassent,
1252 2176 1321 2217 mox

374 2261 489 2320 doloris
500 2263 567 2319 siue
578 2258 718 2335 caliginis
728 2259 962 2319 incommodum
974 2260 1012 2319 ab
1023 2260 1121 2319 oculis
1131 2261 1317 2318 emouerent

375 2359 535 2419 Lauerunt
559 2358 656 2435 igitur
683 2357 824 2434 uirgines
851 2377 969 2434 eorpus,
996 2360 1029 2417 et
1056 2358 1150 2418 nouis
1178 2357 1320 2416 indutum
1405 2436 1406 2441 ἵ

374 2458 514 2518 uestibus
538 2457 713 2515 intulerunt
743 2457 777 2515 in
800 2457 969 2530 ecclesiam,
993 2461 1088 2535 atque
1115 2457 1152 2516 in
1176 2477 1221 2531 eo,
1244 2453 1320 2532 quod

375 2558 515 2617 adlatum
539 2557 612 2628 erat,
641 2555 796 2632 sarcofago
820 2561 1001 2631 posuerunt,
1028 2556 1083 2615 ubi
1109 2576 1211 2633 usque
1233 2553 1320 2614 hodie

375 2655 409 2714 in
423 2673 536 2731 magna
547 2653 746 2712 ueneratione
759 2653 900 2714 habetur.
938 2655 1055 2714 Mirum
1066 2675 1142 2714 uero
1153 2655 1188 2715 in
1198 2653 1318 2714 modum

374 2755 418 2814 ita
436 2758 546 2831 aptum
568 2753 687 2830 corpori
710 2753 843 2831 uirginis
862 2755 1056 2832 sarcofagum
1077 2756 1245 2816 inuentum
1265 2757 1314 2815 ea
1405 2810 1406 2813 ,

375 2854 445 2913 acsi
457 2853 485 2911 ei
496 2852 668 2929 specialiter
680 2857 893 2928 praeparatum
905 2853 1016 2913 fuisset
1028 2876 1035 2928 ;
1057 2859 1090 2914 et
1103 2855 1193 2913 loeus
1205 2871 1318 2929 quoque

375 2951 486 3028 capitis
507 2971 647 3010 seorsum
663 2951 849 3010 fabrefactus
864 2953 903 3011 ad
918 2971 1100 3012 mensuram
1119 2953 1229 3030 capitis
1241 2950 1317 3010 illius

375 3051 534 3128 aptissime
548 3051 697 3127 figuratus
710 3051 862 3127 apparuit.

416 3151 475 3209 Est
489 3154 594 3209 autem
609 3150 686 3228 Elge
700 3149 735 3207 in
748 3149 907 3226 prouincia
925 3149 1136 3210 Orientalium
1151 3151 1315 3227 Anglorum
1405 3146 1406 3215 i

375 3249 459 3325 regio
468 3248 657 3306 familiarum
668 3248 790 3307 circiter
800 3251 1026 3322 sexcentarum,
1041 3248 1075 3308 in
1086 3248 1316 3310 similitudinem

375 3347 497 3406 insulae
526 3346 577 3405 uel
604 3346 778 3422 paludibus,
809 3349 845 3405 ut
875 3346 1022 3422 diximus,
1054 3348 1246 3408 circumdata
1274 3345 1316 3405 uel

375 3445 483 3522 aquie3
511 3445 596 3504 unde
617 3447 648 3503 et
669 3463 687 3503 a
708 3444 795 3521 copia
815 3445 1035 3521 anguillarum,
1054 3466 1133 3522 quae
1156 3446 1189 3506 in
1211 3446 1317 3505 eisdem

376 3544 542 3621 paludibus
556 3544 730 3620 capiuntur,
744 3564 861 3604 nomen
875 3544 1013 3620 accepit3
1034 3544 1089 3604 ubi
1103 3549 1317 3605 monasterium

375 3643 488 3702 habere
503 3641 689 3701 desiderauit
708 3645 880 3702 memorata
898 3643 1017 3703 Christi
1034 3643 1165 3717 famula,
1182 3644 1318 3721 quoniam

375 3742 414 3802 de
436 3740 596 3818 prouincia
619 3742 789 3800 eorundem
813 3741 1025 3801 Orientalium
1049 3743 1231 3820 Anglorum
1250 3743 1316 3818 ipsa

376 3843 411 3900 ut
425 3839 553 3916 praefati
571 3857 688 3912 sumus,
706 3839 809 3898 carnis
823 3839 977 3915 originem
992 3841 1135 3900 duxerat

490 3967 498 3996 ¹
514 3983 530 4018 a
543 3971 618 4018 reatu
631 3969 659 4018 G.
946 3967 957 3997 ²
972 3971 1050 4019 -retis
1061 3970 1110 4020 w.
1121 3972 1163 4022 C'.
1174 3973 1216 4022 Nl
