2859 4334
146 285 311 350 en.xXV.]
445 274 560 341 Gentis
583 273 788 360 duetorem.
1031 277 1090 339 181

511 483 603 546 GAP.
628 483 726 544 XXV.

186 637 215 682 Ut
226 636 328 692 quaestio
338 635 370 680 ctt
380 637 442 680 moto
452 635 479 680 dc
490 636 694 690 temporepaectcc
704 636 820 680 adum
830 646 875 692 coc,
886 635 928 690 qut
938 635 965 679 de
976 634 1061 680 Scottic

562 716 682 760 merom.

186 829 328 889 Imm
342 828 467 889 Aideno
481 828 623 906 episcopo
638 829 676 888 de
692 829 751 888 hec
764 829 830 888 uite
843 827 975 902 sublato,
992 827 1093 888 Finen
1110 847 1192 894 mnan

144 949 202 1006 1³10
230 928 285 988 ill0
312 929 444 1005 gradum
474 928 668 1005 episcopatus
690 947 708 987 c
733 927 848 987 Scottis
872 927 1033 988 ordinatus
1059 947 1094 987 ac
1110 908 1218 1013 effi:

143 1027 261 1088 missus
280 1030 446 1102 acceperet
492 1026 554 1102 Qui
573 1026 607 1086 in
626 1026 731 1086 insule
751 1026 1001 1086 Lindisfernenei
1019 1025 1093 1086 fecit
1110 1027 1243 1131 {lfflw

144 1127 305 1188 ecclesiam
317 1125 481 1203 episcopali
495 1127 561 1186 sedi
574 1145 762 1203 congruam,
783 1146 877 1203 quem
887 1129 992 1186 temen
1006 1146 1093 1187 more
1109 1143 1188 1191 fame.

144 1225 322 1285 Scottorum
347 1245 410 1284 non
432 1225 471 1284 de
491 1223 600 1302 lepide,
626 1226 680 1285 sed
701 1225 740 1284 de
759 1224 870 1284 robore
890 1227 973 1285 secto
994 1227 1092 1285 totum

144 1323 315 1400 conposuit,
338 1325 433 1400 etque
454 1323 629 1384 harundine
649 1325 748 1398 texit3
773 1343 867 1400 quem
887 1327 1026 1399 tempore
1046 1343 1091 1384 ee·

144 1425 262 1499 quente
288 1422 559 1482 reuerentieeinrue
585 1422 831 1500 archiepiscopus
852 1423 1031 1483 Theodorus
1058 1422 1092 1483 in

144 1519 264 1582 honore
278 1521 359 1582 beuti
372 1521 504 1596 apostoli
513 1521 599 1581 Petri
613 1521 776 1582 dedicauit.
812 1521 873 1582 Sed
887 1523 919 1580 et
933 1521 1093 1598 epiecopus

143 1619 205 1680 loci
218 1620 316 1696 ipsius
330 1619 499 1680 Ecdberct¹
515 1618 618 1680 ablate
633 1619 817 1695 harundine,
834 1619 957 1696 plumbi
970 1621 1092 1680 lummi·

143 1719 196 1780 nie
220 1737 289 1779 eam
313 1721 421 1792 totam,
446 1717 506 1778 hoc
530 1721 577 1778 eet
602 1721 633 1780 et
656 1721 783 1794 tectum,
808 1723 840 1780 et
863 1718 947 1795 ipeoe
970 1739 1092 1796 quoque

143 1817 278 1894 parietes
298 1817 372 1892 eius,
394 1818 547 1895 cooperire
567 1817 696 1879 curauit.

185 1915 267 1976 Hie¹
279 1917 469 1992 temporibus
483 1917 620 1993 quaestio
634 1916 713 1976 fecte
724 1919 772 1976 eet
782 1916 928 1993 frequens
937 1918 970 1976 et
980 1935 1093 1992 magne
1108 1933 1160 1979 'rho
1171 1934 1227 1979 Pu-

143 2016 183 2076 de
207 2015 422 2076 obseruatione
448 2015 587 2092 paschae,
615 2016 874 2076 confirmantibus
897 2015 949 2087 eis,
975 2014 1030 2092 qui
1053 2015 1091 2074 de
1108 1993 1233 2106 &g

143 2114 256 2176 Gentio
276 2114 328 2174 uel
349 2114 387 2173 de
408 2113 539 2174 Gelliis³
555 2115 754 2188 aduenerant,
772 2113 854 2190 quod
877 2113 975 2173 Scotti
995 2112 1090 2172 domi·

143 2213 250 2274 nicum
264 2213 395 2290 paschae
404 2212 487 2273 diem
499 2215 604 2272 contre
614 2213 800 2273 uniuersalis
813 2212 957 2272 ecclesiae
971 2230 1091 2272 morem

142 2311 343 2372 celebrarent.
388 2311 483 2372 Eret⁴
496 2311 530 2372 in
550 2311 601 2371 his
620 2312 788 2371 acerrimus
808 2311 876 2370 ueri
894 2310 1024 2387 pcechee
1043 2309 1092 2370 de

141 2411 249 2472 fenscr
267 2409 395 2472 nomine
410 2411 530 2486 nonan,
548 2410 673 2470 natione
688 2409 814 2486 quidem
831 2410 964 2481 Scottum,
981 2409 1035 2468 eed
1055 2409 1090 2468 in

142 2509 263 2572 Gallice
297 2509 349 2568 uel
376 2508 485 2570 Italiee
513 2509 653 2585 pertibus
684 2510 824 2585 regulum
851 2507 1091 2568 eccleeieeticce⁸

142 2607 284 2670 ueritatis
297 2607 431 2670 edoctus,
476 2607 537 2682 Qui
555 2626 628 2667 cum
643 2607 761 2668 Fineno
780 2608 957 2684 confligens,
974 2607 1092 2668 multos

142 2707 272 2786 quidem
292 2705 433 2780 correxit,
455 2705 507 2765 uel
529 2707 568 2766 cd
589 2705 782 2766 solertiorem
802 2705 942 2766 ueritatis
962 2704 1090 2783 inquisi-

140 2807 262 2866 tionem
276 2806 426 2878 accendit,
438 2823 635 2882 nequaquem
645 2806 750 2864 tumen
760 2804 916 2864 iincnum
927 2806 1090 2865 emendare

140 2903 267 2984 potuit;
291 2903 368 2980 quin
389 2903 503 2980 potius,
527 2905 609 2980 quod
631 2905 712 2962 esset
732 2902 828 2962 homo
852 2903 961 2963 ferocis
983 2903 1088 2977 enimi,

140 3003 350 3064 acerbiorem⁶
371 3003 547 3080 castigando
567 3005 599 3062 et
622 3005 766 3078 apertum
790 3001 932 3061 ueritatis
952 3002 1090 3062 aduerso·

141 3103 224 3163 rium
261 3101 402 3164 reddidit.
455 3099 646 3164 Obseruebet
681 3102 787 3160 eutem
818 3099 910 3159 Iecob
944 3099 1090 3160 diaconus

141 3201 311 3278 quendem,
330 3204 365 3262 ut
379 3221 472 3278 supro
484 3199 653 3273 docuimus,
672 3198 858 3258 uenerabilis
870 3198 1091 3276 archiepiscopi

33 3319 45 3359 u
66 3338 80 3360 ,‚
143 3299 279 3372 Paulini,
301 3297 305 3376 1
324 3319 435 3359 uerum
456 3301 488 3359 et
506 3297 693 3360 catholicum
713 3295 826 3373 puecha
844 3317 916 3356 cum
933 3297 1088 3372 omnibus,

141 3417 222 3476 quoe
242 3398 280 3458 ed
300 3397 512 3458 correctiorem
532 3397 617 3458 uiam
637 3396 759 3456 erudire
772 3399 898 3473 poteret
940 3396 1091 3456 Obserua-

141 3496 197 3558 bct
217 3499 249 3556 et
268 3495 374 3574 regine
394 3496 523 3557 Ecufled
544 3515 617 3556 cum
636 3495 708 3568 suis,
725 3495 812 3554 iuxta
828 3495 910 3570 quod
929 3496 964 3554 in
983 3495 1092 3554 Oentie

142 3595 210 3657 fieri
235 3595 365 3672 uideret,
395 3595 515 3656 hebens
541 3614 646 3655 eccum
676 3594 715 3653 de
740 3592 850 3655 Guntia
875 3592 1091 3669 presbyterum

176 3769 294 3818 ¹·bcrht
305 3769 335 3820 Ο.
455 3767 513 3829 ’0,
526 3772 630 3828 Μίνωα
641 3785 690 3817 neec
701 3773 792 3827 chapter
802 3771 861 3817 tere.
983 3765 1044 3814 'cic
1055 3765 1092 3824 (ἲς

141 3849 222 3912 gallie
233 3849 270 3899 Μ.
279 3847 310 3898 Β.
409 3845 418 3876 ⁸
435 3847 579 3896 eratenim
592 3847 621 3898 C.
627 3845 669 3896 W.
679 3847 710 3897 D.
721 3845 767 3897 tc.
865 3845 875 3875 ⁵
891 3846 1043 3895 coniectione
1055 3843 1090 3894 M.

141 3925 151 3954 ⁸
166 3929 333 3978 cceruiorem
345 3925 381 3976 M.
393 3923 431 3976 0¹.
443 3925 475 3976 Β.
487 3925 520 3976 Ν.
