2859 4334
159 296 217 347 car.
230 290 300 358 ron]
462 280 577 347 Gentis
598 280 803 367 Anpbrum.
1043 280 1105 347 sel

159 456 262 533 abbas,
280 458 457 533 cooperator
470 454 503 515 in
518 455 613 515 uerbo
628 454 687 514 Dei
701 453 855 514 Theodori
868 452 975 515 beatae
988 474 1110 515 memo-

159 556 223 617 riae
244 554 388 631 episcopi,
406 554 572 614 defunctus
591 555 646 627 est,
671 556 702 613 et
723 553 757 611 in
781 554 972 613 monasterio
996 573 1054 613 suo
1073 553 1109 613 in

160 653 288 714 ecclesia
307 653 413 714 beatae
430 652 488 712 Dei
502 651 666 729 genetricis
685 652 847 729 sepultus;
868 652 922 729 qui
941 655 989 712 est
1007 671 1110 713 annus

160 753 272 813 XLm¹¹³
292 752 422 829 primus,
442 770 480 811 ex
501 770 564 828 quo
584 770 603 811 a
624 750 785 811 Uitaliano
805 770 886 827 papa
905 750 1041 811 directus
1061 755 1110 811 est

159 871 231 911 cum
267 850 450 923 Theodoro3
487 867 525 907 ex
561 867 621 925 quo
649 850 756 907 autem
784 847 975 908 Brittaniam
1009 849 1106 921 uenit,

159 949 313 1010 XXXIX.
359 948 457 1009 Cuius
481 946 640 1007 doctrinae
663 945 759 1006 simul
787 948 819 1005 et
846 945 1001 1007 Theodori
1025 947 1111 1007 inter

158 1049 220 1109 alia
243 1046 463 1108 testimonium
491 1044 643 1122 perhibet,
671 1046 754 1122 quod
778 1044 917 1105 Albinus
937 1045 1110 1122 discipulus

36 1166 69 1195 ,ιι
159 1148 235 1221 eius,
267 1146 321 1223 qui
339 1144 343 1221 l
361 1144 553 1205 monasterio
580 1143 679 1219 ipsius
705 1144 740 1202 In
767 1144 919 1220 regimine
951 1145 1105 1217 successit,

159 1246 193 1306 in
223 1248 349 1305 tantum
380 1243 494 1304 studiis
524 1241 750 1319 scripturarum
779 1242 946 1303 institutus
980 1246 1035 1313 est,
1069 1245 1107 1302 ut

158 1346 290 1406 Grscam
304 1342 433 1419 quidem
449 1342 590 1419 linguam
604 1361 669 1401 non
683 1360 780 1417 parua
792 1360 830 1400 ex
847 1344 944 1418 parte,
961 1341 1108 1401 Latinam

158 1462 235 1504 uero
254 1461 319 1502 non
338 1441 445 1501 minus
463 1460 557 1518 quam
577 1439 765 1517 Anglorum,
782 1458 862 1516 quae
879 1439 940 1499 sibi
956 1440 1109 1500 naturalis

159 1545 216 1617 est,
235 1540 366 1601 nouerit.

201 1639 344 1716 Suscepit
362 1657 436 1697 uero
454 1656 511 1714 pro
532 1635 670 1696 Uilfn'do
691 1636 904 1713 episcopatum
922 1636 1109 1715 Hagustald·
1126 1646 1200 1701 Acca

159 1739 245 1801 ensis
259 1737 403 1799 ecclesiae
416 1738 500 1797 Acca
513 1736 675 1813 presbyter
685 1736 761 1810 eius,
776 1733 826 1795 uii
835 1739 868 1795 et
881 1736 949 1812 ipse
963 1736 1111 1797 strenuis·
1126 1705 1259 1821 ἓξὲξ

158 1839 267 1913 simus,
295 1840 326 1897 et
350 1854 453 1897 coram
477 1834 543 1895 Deo
567 1838 599 1895 et
622 1835 806 1895 hominibus
829 1835 1034 1911 magnificus3
1054 1835 1110 1912 qui
1126 1839 1236 1883 ’ΜΨ

159 1942 191 1997 et
206 1936 304 2014 ipsius
318 1934 462 1995 ecclesiae
476 1954 557 2009 suae,
580 1953 658 2011 quae
671 1933 706 1993 in
722 1933 807 1993 beati
820 1933 965 1993 Andreae
979 1934 1110 2011 apostoli

160 2036 312 2097 honorem
333 2038 508 2095 consecrata
528 2036 584 2106 est,
608 2032 785 2094 aedificium
808 2032 982 2092 multifario
1002 2032 1111 2092 decore

160 2154 198 2196 ac
208 2132 348 2198 mirificis
358 2132 523 2210 ampliauit
533 2131 686 2209 operibus.
722 2130 817 2190 Dedit
827 2149 964 2209 namque
973 2150 1107 2208 operam,

160 2233 244 2311 quod
259 2236 291 2293 et
305 2232 398 2293 hodic
411 2232 493 2307 iacit,
511 2234 548 2292 ut
561 2230 725 2308 adquisitis
738 2230 958 2307 undecumque
971 2230 1111 2309 reliquiis

159 2332 323 2393 beatorum
337 2331 549 2408 apostolorum
563 2332 595 2390 et
609 2332 785 2407 martyrum
796 2328 921 2405 Christi,
938 2329 972 2388 in
985 2349 1110 2390 uenera-

160 2431 282 2491 tionem
305 2428 432 2490 illorum
457 2430 586 2506 poneret
610 2427 729 2502 altaria,
756 2426 916 2487 distinctis
939 2428 1110 2506 porticibus

161 2530 195 2591 in
216 2529 275 2590 hoo
302 2527 407 2606 ipsum
428 2528 512 2589 intra
532 2546 639 2587 muros
660 2526 802 2587 eiusdem
823 2526 975 2602 ecclesiae,
999 2528 1053 2587 ssd
1078 2530 1110 2588 et

160 2627 306 2689 historias
321 2627 473 2704 passionis
484 2646 601 2701 comm,
613 2644 676 2685 uns
690 2644 763 2685 cum
773 2625 885 2685 ceteris
898 2625 1111 2686 ecclesiasticis

161 2726 383 2801 uoluminibus,
412 2744 537 2786 summa
560 2722 714 2785 industria
738 2743 936 2801 congregans,
960 2724 1112 2801 amplissi-

160 2846 247 2888 mam
263 2825 307 2885 ibi
324 2845 359 2886 so
378 2824 607 2885 nobilissimam
624 2822 846 2884 bibliothecam
865 2822 947 2897 fecit,
969 2843 1027 2883 nec
1045 2843 1111 2883 non

161 2928 192 2987 et
212 2944 287 2985 uasa
306 2926 420 2999 sancta
443 2925 475 2984 st
491 2922 666 2996 luminaria,
683 2922 806 2999 aliaque
821 2920 1011 2995 huiusmodi,
1032 2940 1112 2998 quae

160 3025 197 3086 ad
209 3026 357 3084 ornatum
369 3024 481 3083 domus
492 3022 550 3081 Dei
559 3020 728 3097 pertinent,
741 3020 971 3080 studiosissime
979 3020 1108 3096 parauit

161 3122 361 3184 cantatorem
376 3140 499 3200 quoque
513 3118 681 3196 egregium,
698 3118 849 3179 uocabulo
866 3118 980 3178 liaban
990 3116 1007 3191 ¹,
1025 3118 1079 3195 qui
1093 3138 1112 3178 a

160 3220 389 3283 successoribus
416 3202 641 3297 discipulorum
672 3217 757 3277 beati
784 3236 880 3295 papae
908 3217 1050 3294 Gregorii
1076 3218 1111 3278 in

161 3318 271 3383 cantis
292 3318 393 3379 fuerat
413 3316 561 3377 cantandi
585 3335 679 3376 sonos
700 3317 835 3389 edoctus,
859 3315 900 3377 ad
922 3334 956 3375 se
978 3334 1112 3393 suosque

161 3417 371 3479 instituendos
384 3416 533 3489 accersiit,
549 3434 584 3477 ac
604 3434 661 3492 per
674 3433 774 3475 annos
787 3412 855 3475 XII
868 3413 973 3475 tenuit
984 3436 993 3490 3
1014 3414 1113 3492 quati·

161 3536 223 3579 nus
242 3520 282 3593 et,
300 3536 378 3594 quae
397 3515 444 3576 illi
464 3534 529 3575 non
549 3512 730 3589 nouerant',
751 3515 890 3574 carmina
906 3514 1113 3574 ecclesiastica

161 3616 305 3689 dooeret;
326 3617 358 3676 et
377 3634 420 3691 ea,
443 3632 522 3690 quac
543 3613 701 3693 quondam
720 3612 844 3690 cognita
863 3612 959 3690 longo
979 3632 1039 3673 usu
1059 3610 1111 3671 uel

161 3713 359 3793 neglegentia
376 3711 552 3774 inueterata
571 3714 748 3790 coeperunt,
768 3710 863 3771 huius
880 3709 1021 3771 doctrina
1037 3710 1113 3790 pris·

163 3834 235 3875 cum
250 3814 477 3874 renouarentur
495 3812 529 3873 in
546 3814 673 3873 statum.
717 3810 800 3870 Nam
819 3812 851 3870 et
866 3809 933 3888 ipsc
949 3810 1114 3888 episcopus

317 3952 325 3983 ¹
342 3952 436 4003 maran
449 3952 479 4004 0.
576 3950 686 4010 ¹·runt.
698 3954 815 4000 altcrmo
825 3952 899 4000 rant
909 3950 946 4001 ll.
