2859 4334
140 249 197 302 ear.
212 245 257 311 tn]
443 238 559 306 Gentis
581 241 786 326 Anglonnm.
1047 243 1089 307 83

136 407 230 470 uobis
244 413 432 488 portandum
447 415 575 490 offerat3
596 415 645 476 sin
661 418 768 476 autem
788 415 912 476 inmitis
931 436 966 476 ac
986 435 1091 493 super·

135 505 196 567 bus
211 511 266 584 est,
284 513 415 586 constat,
432 512 506 589 quia
517 534 583 574 non
597 518 644 575 cst
658 515 696 574 ds
710 516 785 589 Deo,
802 535 904 592 neque
917 515 1009 575 nobis
1023 515 1090 575 eius

135 625 240 668 sermo
262 611 436 672 curandua'
478 613 539 688 Qui
556 634 663 675 rursus
676 614 821 675 aiebant:
849 614 907 673 ‘Et
930 614 1014 674 unde
1037 613 1089 673 uel

134 703 196 766 hoc
211 707 372 768 dinoscere
385 710 564 773 ualemust’
610 713 817 788 ‘Procurata’
826 712 938 790 inquit,
958 715 1011 771 ‘ut
1024 713 1091 789 ipse

134 805 223 880 prior
240 827 314 867 cum
335 808 400 868 suis
418 809 457 870 ad
478 811 582 871 locum
602 813 713 889 synodi
731 811 884 886 adueniat,
901 813 940 886 st,
957 811 984 873 si
1001 811 1091 872 uobis

132 903 461 982 adpropinquantibus
476 909 691 985 adsurrexerit,
707 910 848 986 scientes,
865 910 938 988 quia
951 908 1090 970 famulus

133 1001 256 1063 Christi
278 1007 333 1078 est,
361 1005 613 1084 obtemperanter
633 1009 727 1069 illum
753 1009 880 1083 audite;
911 1008 961 1068 sin
984 1011 1089 1067 autem

131 1121 193 1162 nos
206 1105 368 1180 spreuerit,
386 1125 442 1165 nsc
456 1125 560 1168 coram
574 1107 664 1168 uobis
680 1109 844 1186 adsurgere
857 1107 1001 1182 uoluerit,
1014 1126 1088 1166 cum

131 1199 204 1260 sitis
218 1223 351 1264 numero
363 1205 477 1282 plures,
495 1208 527 1266 st
540 1206 606 1283 ipss
619 1209 783 1284 spernatur
796 1227 815 1267 a
829 1205 941 1267 uobis'

174 1299 340 1378 Fecerunt,
352 1307 389 1364 ut
403 1305 529 1366 dixerat.
566 1307 758 1382 Factumque
771 1307 826 1380 est,
840 1308 877 1365 ut
891 1302 1090 1365 uenientibus

129 1397 201 1458 illis
221 1402 345 1462 sederet
362 1404 561 1481 Augustinus
581 1405 615 1464 in
637 1405 723 1464 sella
767 1404 856 1478 Quod
876 1403 925 1462 illi
945 1403 1089 1462 uidentes

129 1517 210 1558 mox
224 1499 260 1558 in
274 1500 353 1561 iram
365 1503 507 1563 conuersi
519 1506 603 1578 sunt,
616 1523 751 1580 sumque
762 1505 908 1563 notantes
917 1500 1086 1579 superbias,

129 1598 269 1672 cunctis,
292 1619 370 1676 quae
391 1601 519 1674 dicebat,
536 1601 748 1662 contradicere
768 1600 959 1663 laborabant.
1002 1599 1089 1659 Dice·
1106 1607 1203 1686 sugas·

129 1695 189 1756 bat
214 1701 322 1759 autem
346 1699 391 1760 eis
414 1700 487 1777 quia
514 1701 565 1762 ‘in
588 1701 699 1761 multis
723 1700 849 1777 quidem
874 1703 998 1759 nostrae
1022 1717 1090 1758 con·
1105 1667 1262 1770 Qum

128 1796 307 1873 suetudini,
324 1798 422 1859 immo
437 1795 621 1859 uniuersalis
636 1799 781 1860 ecclesiae
795 1797 949 1859 contraria
961 1796 1089 1874 goritis3

127 1897 292 1956 ettamen
310 1897 338 1956 si
357 1897 391 1957 in
409 1897 510 1958 tribus
529 1898 581 1958 his
600 1897 680 1958 mihi
697 1899 911 1974 obtemperare
929 1895 1035 1970 uultis,
1054 1898 1090 1955 ut

127 1995 253 2070 pascha
272 2015 329 2056 suo
347 1999 487 2074 tempore
506 1997 686 2072 celebretis3
706 1999 744 2056 ut
764 1995 975 2056 ministerium
994 1994 1091 2071 bapti·

125 2095 237 2170 zandi,
270 2115 331 2172 quo
359 2095 425 2156 Deo
459 2095 657 2169 renascimur,
689 2095 776 2154 iuxta
811 2114 931 2153 morem
966 2095 1090 2152 sauctae

124 2196 296 2256 Romanae
310 2197 342 2254 et
359 2194 545 2272 apostolicae
559 2193 704 2276 ecclesiae
723 2193 912 2270 conpleatis3
932 2193 970 2252 ut
983 2189 1088 2269 genti¹

123 2292 316 2372 Anglorum
331 2312 394 2353 nna
411 2291 575 2353 nobiscum
593 2292 727 2352 uerbum
741 2291 871 2352 Domini
886 2289 1090 2369 praedicetis3

124 2397 247 2464 cetera,
266 2411 344 2468 quae
360 2391 461 2469 agitis,
479 2391 624 2468 quamuis
637 2391 780 2451 moribus
793 2390 911 2450 nostris
924 2389 1087 2466 contraria,

122 2489 364 2569 aequanimiter
382 2493 493 2550 cuncta
510 2489 714 2550 tolerabimus
722 2487 753 2550 ¹.'
791 2489 898 2550 Atini
916 2488 963 2548 nil
976 2488 1090 2548 borum

123 2611 163 2653 se
188 2590 336 2665 facturos,
360 2609 462 2666 nequs
482 2589 575 2648 illum
596 2609 652 2664 pro
673 2587 903 2665 archiepiscopo
928 2587 1091 2647 habituros

123 2710 203 2752 esse
225 2687 476 2764 respondebant;
500 2687 696 2747 conferentes
715 2687 755 2746 ad
779 2685 926 2761 inuicem,
951 2685 1023 2762 quia
1045 2685 1089 2745 ‘si

122 2789 230 2850 modo
246 2787 338 2846 nobis
350 2785 515 2863 adsurgere
528 2785 640 2858 noluit,
658 2788 774 2863 quanto
787 2785 896 2862 magis,
912 2783 941 2844 si
955 2784 984 2844 ei
997 2783 1090 2845 subdi

122 2885 337 2966 coeperimus,
355 2885 419 2944 iam
432 2905 490 2946 nos
504 2905 560 2962 pro
574 2884 674 2944 nihilo
689 2885 887 2944 contemnet!

170 2984 301 3061 Quibus
314 2983 365 3043 uir
374 2983 504 3044 Domini
516 2983 715 3060 Augustinus
728 2983 829 3043 fertur
842 2980 994 3042 minitans
1006 2998 1089 3056 praa·
1106 2995 1208 3052 alleged

121 3085 261 3158 dixisse,
280 3083 361 3160 quia,
377 3083 405 3142 si
425 3101 531 3159 pacem
545 3103 615 3142 cum
635 3081 783 3142 fratribus
800 3081 937 3158 accipere
953 3079 1085 3154 nollent,
1105 3055 1236 3171 ξξοῖξξζ

121 3185 259 3246 bellum
284 3181 323 3242 ab
350 3181 492 3242 hostibus
516 3180 620 3241 forent
647 3179 821 3257 accepturi3
850 3182 890 3254 et,
913 3179 942 3239 si
967 3177 1088 3238 nationi
1105 3173 1166 3220 ὼ*

120 3280 315 3360 Anglorum
330 3278 505 3340 noluissent
517 3279 603 3339 uiam
618 3279 701 3340 uitae
714 3279 894 3356 praedicare,
906 3297 962 3355 per
975 3277 1089 3337 horum

34 3417 55 3448 a
121 3399 253 3444 manus
267 3378 421 3439 ultionem
437 3380 542 3438 essent
556 3376 667 3437 mortis
680 3377 810 3454 passuri.
848 3377 936 3452 Quod
951 3376 995 3436 ita
1013 3373 1018 3456 Ι
1035 3395 1091 3453 per

121 3477 253 3552 omnia
271 3481 308 3538 ut
324 3475 526 3554 praedixerat,
544 3475 653 3536 diuino
670 3479 783 3554 agente
800 3474 914 3537 iudicio
931 3477 1090 3553 patratum

122 3583 179 3642 eet

170 3625 343 3754 biquidem
356 3675 426 3750 post
440 3673 515 3733 hacc
529 3671 604 3750 ipse,
616 3673 655 3734 ds
669 3693 731 3751 quo
745 3671 891 3748 diximus,
905 3691 959 3732 rex
972 3672 1090 3750 Anglo·
1105 3687 1261 3792 &effluo

1106 3807 1191 3852 moue
1200 3807 1229 3851 of

349 3903 357 3932 ¹
374 3904 499 3966 gentibus
511 3903 539 3954 c.
554 3904 585 3953 D.
652 3902 663 3932 ²
679 3904 824 3954 nummu,
836 3903 878 3956 B¹.
1106 3867 1214 3912 cunas.

576 4003 627 4045 62
