2859 4334
639 800 913 875 APPENDIX
940 800 981 873 II

497 1018 554 1083 TO
581 1018 942 1095 INTRODUOTION,
970 1018 1086 1082 PART
1108 1019 1134 1082 Ι.

641 1209 690 1270 De
711 1208 815 1268 Oarru
836 1208 977 1268 Biannn

354 1350 578 1409 Drancnssmo
591 1348 625 1408 in
637 1348 761 1410 Christo
775 1348 931 1408 collectori
941 1346 1108 1407 Outbwino
1119 1345 1315 1407 cuthbertus
1403 1353 1404 1381 ¹

313 1448 542 1524 condiscipulus
554 1447 588 1507 in
604 1448 670 1507 Deo
683 1450 842 1507 aeternam
856 1446 997 1506 salutem.

355 1546 578 1607 Munusculum
602 1546 684 1622 quod
709 1545 827 1605 misisti
854 1545 992 1605 multum
1020 1543 1153 1604 libenter
1180 1544 1284 1620 accepi
1295 1542 1311 1609 ¹.
1405 1579 1406 1607 r

314 1648 512 1723 multumque
538 1648 697 1721 gratanter
723 1644 845 1706 litteras
872 1648 944 1705 tuae
971 1646 1101 1705 denotas
1129 1643 1316 1703 eruditionis

315 1744 384 1821 legi,
405 1745 440 1803 in
459 1744 581 1822 quibus,
598 1744 680 1821 quod
700 1744 836 1804 maxime
855 1743 1073 1817 desiderabam,
1096 1743 1211 1803 missas
1229 1744 1315 1804 uide

314 1842 388 1902 lieet
407 1847 439 1902 et
459 1842 616 1902 oraciones
638 1844 846 1902 sacrosanctas
867 1862 924 1918 pro
947 1843 1012 1901 Deo
1034 1842 1147 1902 dilecto
1169 1845 1256 1919 patre
1281 1863 1315 1901 ae

315 1941 463 2017 magistro
474 1942 580 2002 Baeda
592 1940 711 2001 anobis
721 1922 888 2019 diligenter
898 1940 1045 2000 celebrari
1056 1942 1186 2018 repperi.
1223 1942 1316 2002 Unde

316 2040 446 2100 delectat
467 2040 567 2117 magis
590 2060 646 2117 pro
668 2040 737 2099 eius
761 2040 894 2114 caritate,
919 2060 1014 2117 quam
1036 2040 1136 2101 fretus
1157 2039 1285 2116 ingenio
1294 2040 1313 2101 ².

316 2138 421 2214 paucis
437 2138 632 2199 sermonibus
645 2139 753 2213 dicere,
771 2159 834 2216 quo
847 2139 956 2199 ordine
969 2140 1136 2215 migraret³
1149 2160 1168 2198 a
1182 2138 1313 2211 saeculo,

317 2255 389 2295 cum
413 2236 507 2295 etiam
534 2236 592 2297 hoc
618 2240 650 2297 te
674 2238 863 2298 desiderasse
887 2240 918 2296 et
944 2237 1137 2314 poposcisse⁴
1162 2236 1314 2296 intellexi.

318 2333 473 2394 Graustus
491 2338 539 2395 est
558 2336 705 2413 quidem⁵
718 2336 901 2396 infirmitate
919 2339 951 2395 et
969 2336 1124 2395 maxime⁶
1138 2335 1317 2395 creberrimi

316 2431 481 2505 anhelitus,
499 2435 553 2493 sed
567 2437 675 2494 tamen
688 2454 768 2511 pene
787 2434 856 2493 sine
873 2434 978 2511 aliquo
996 2434 1101 2494 dolore
1111 2434 1130 2508 ⁷,
1147 2433 1316 2493 antediem

316 2532 443 2590 nuteml
457 2532 691 2592 resurrectionis
708 2532 872 2607 dominice,
890 2532 922 2591 id
942 2534 988 2591 est
1006 2532 1070 2591 lere
1090 2532 1212 2592 dunbus
1231 2532 1317 2591 ebdo

317 2629 480 2703 madibus;
501 2632 534 2689 et
547 2630 591 2689 sic
604 2634 711 2708 postea
725 2629 808 2691 letus
822 2632 854 2690 et
867 2630 1013 2707 gaudens,
1031 2630 1211 2708 graciasque
1225 2650 1317 2708 egens

318 2728 526 2805 omnipotenti
541 2729 606 2788 Deo
620 2728 708 2788 omni
722 2728 772 2788 die
790 2732 822 2788 et
840 2732 939 2804 nocte,
956 2728 1055 2789 immo
1069 2729 1154 2789 horis
1171 2729 1317 2789 omnibus

318 2846 416 2903 usque
439 2827 478 2887 ad
501 2826 585 2887 diem
606 2828 809 2889 Ascensionis
833 2828 1014 2903 dominicae,
1039 2828 1073 2889 id
1097 2833 1146 2889 est
1168 2828 1245 2889 VIL
1269 2829 1314 2888 Id.

318 2926 401 2984 lla1⁹
416 2926 515 2986 uitam
532 2926 672 3002 ducebat,
689 2930 721 2986 et
740 2926 830 2986 nobis
849 2928 914 2987 suis
933 2926 1095 3004 discipulis
1112 2927 1243 2987 cottidie
1261 2928 1316 2987 lec·

318 3023 421 3082 ciones
430 3024 532 3099 dabat,
544 3028 576 3084 et
586 3024 737 3102 quidquid
747 3025 901 3102 reliquum
910 3026 970 3085 luit
979 3024 1001 3057 ¹⁰
1009 3025 1071 3086 diei
1081 3025 1115 3085 in
1126 3026 1315 3102 psalmorum

319 3125 420 3197 cantu,
436 3125 530 3199 prout
547 3123 657 3200 potuit,
675 3142 708 3183 se
718 3121 738 3152 ¹¹
754 3123 941 3199 occupabat;
960 3126 1060 3183 totam
1075 3143 1149 3184 uero
1160 3122 1180 3155 ¹²
1194 3128 1314 3183 noctem

319 3220 400 3279 letus
423 3220 457 3280 in
480 3221 674 3282 oracionibus
682 3222 703 3255 ¹⁸
725 3225 758 3281 et
779 3222 953 3299 graciarum
974 3222 1098 3282 accione
1119 3223 1186 3283 Deo
1211 3224 1316 3283 ducere

319 3318 463 3379 studebat
471 3317 493 3351 ¹‘
521 3320 583 3379 nisi
610 3320 767 3381 tantum¹⁶
795 3322 936 3381 modicus
970 3340 1100 3379 somnus
1134 3320 1315 3397 impediret:

352 3464 551 3528 ¹suscepiedd.
629 3466 788 3529 'quantum
800 3468 874 3517 fruor
885 3468 940 3531 ing,
953 3468 1012 3517 edd.
1091 3466 1313 3531 ³migrauitedd.

319 3542 329 3570 ⁴
346 3558 452 3606 poscere
463 3544 523 3594 edd
650 3544 661 3575 ⁸
677 3546 789 3608 quidem
798 3550 838 3595 est
849 3547 910 3597 edd
1037 3544 1048 3573 ⁶
1065 3546 1115 3595 inf.
1128 3548 1248 3596 maxima
1259 3546 1313 3595 edd.

318 3618 583 3671 'annainedolore
593 3624 686 3673 tamen
697 3623 757 3673 edd.
841 3623 958 3673 'sutem
969 3638 1013 3673 om,
1026 3624 1088 3673 edd.
1165 3624 1247 3673 'vu
1259 3624 1313 3673 Kal.

320 3700 397 3747 Iunii
408 3700 469 3748 edd.
527 3699 546 3730 ¹·
561 3704 619 3749 erat
630 3702 691 3750 edd.
751 3700 769 3729 ¹¹
788 3703 972 3765 proutpotuit,
987 3703 1141 3752 semedd.
1201 3700 1220 3729 ¹¹
1236 3706 1314 3751 totam

320 3776 498 3837 quoqueedd.
586 3778 604 3807 ¹³
621 3781 651 3826 in
663 3778 769 3827 laetitia
780 3779 842 3828 edd.
931 3777 948 3807 ¹⁸
965 3781 1069 3829 actione
1081 3781 1196 3843 peruigil
1209 3780 1314 3829 ducebar

320 3852 381 3903 edd.
448 3852 467 3883 ¹⁸
483 3858 616 3916 quantum
629 3855 691 3905 add.
