2859 4334
151 232 307 298 cmxiii]
451 224 567 291 Gentis
589 225 795 310 duplorum.
1038 215 1100 291 153

150 417 220 474 egre
232 399 371 458 tremens
389 397 529 474 suspirie,
551 399 647 458 flebili
664 419 740 459 uoce
757 398 833 462 tolie
851 419 975 460 mecum
993 420 1101 478 quere-

150 495 258 556 batur:
295 497 313 525 ‘⁴
323 495 450 570 Uides,'’
471 497 582 574 inquit,
610 497 711 574 “quie
735 497 922 576 iamiamque
945 501 1102 558 crescente

150 594 286 670 corporis
305 595 448 654 molestie
463 596 502 654 cd
521 595 688 656 articulum
708 596 886 656 subeundae
904 597 1017 657 mortis
1031 616 1102 656 oon-

150 692 268 769 pellor;
297 713 354 752 nec
373 693 482 753 dubito
502 713 554 753 me
574 697 645 771 post
665 700 801 755 mortem
820 695 974 772 corporis¹
995 695 1103 756 stetim

150 793 188 852 od
207 795 391 870 perpetuum
412 793 535 854 enimse
554 797 691 854 mortem
708 794 901 872 rapiendum,
919 815 954 855 uc
970 795 1105 856 inferno·

151 890 232 952 libus
255 891 453 952 subdendum
477 911 545 953 esse
566 893 752 967 tormentis3
782 893 856 970 quio
879 896 1019 970 tempore
1039 913 1105 953 non

152 1010 248 1068 pauco
270 990 354 1049 inter
377 989 481 1050 studia
504 991 630 1050 diuinae
652 991 801 1066 lectionis,
825 991 977 1051 uitiorum
1000 991 1105 1068 potius

152 1088 392 1167 inplicamentis,
409 1109 504 1166 quem
519 1089 636 1150 diuinis
651 1090 788 1150 solebam
808 1090 924 1150 seruire
937 1090 1102 1150 mandatis

154 1187 243 1248 Inest
270 1191 377 1246 autern
404 1187 517 1262 animo,
549 1188 577 1248 si
603 1188 684 1248 mihi
712 1188 811 1265 pietus
838 1208 972 1264 superno
1002 1188 1106 1264 ulique

154 1285 282 1346 uiuendi
292 1285 392 1363 spatia
402 1287 573 1362 domuerit,
588 1286 717 1347 uitiosos
727 1306 830 1347 mores
839 1287 998 1363 corrigere,
1011 1289 1106 1362 atque

48 1412 96 1443 <u
152 1386 191 1446 od
218 1385 387 1462 imperium
415 1381 419 1464 t
445 1385 570 1446 diuinue
596 1385 769 1446 uoluntatis
795 1388 894 1446 totum
922 1405 960 1444 ex
984 1385 1106 1461 integro

153 1487 295 1550 mentem
316 1484 476 1561 uitamque
496 1483 671 1544 transferre.
717 1484 838 1544 Uerum
861 1484 938 1544 noui
961 1503 1026 1544 non
1048 1484 1106 1544 hoo

152 1603 220 1644 esse
234 1584 340 1644 meriti
353 1584 425 1658 mei,
446 1587 482 1644 ut
500 1582 638 1644 indutias
657 1583 786 1644 uiuendi
806 1583 858 1643 uel
879 1583 1037 1660 accipiam,
1054 1583 1106 1642 uel

152 1704 205 1744 me
224 1687 423 1760 accepturum
445 1701 511 1742 esse
532 1683 695 1757 confidam,
713 1681 776 1743 nisi
794 1683 873 1742 forte
891 1681 1006 1742 misero
1026 1681 1107 1741 mihi

152 1787 184 1842 et
199 1782 330 1858 indigno
347 1782 447 1858 uenis,
464 1801 520 1859 per
533 1779 687 1866 ouxiiium'
705 1801 822 1856 eorum,
840 1781 895 1858 qui
912 1780 960 1839 illi
973 1779 1108 1840 fideliter

151 1880 341 1956 seruierunt,
378 1879 540 1957 propitiari
574 1880 722 1958 dignatus
755 1879 858 1940 fuerit
916 1878 1109 1938 Audiuimus

148 1983 268 2052 eutem,
292 1981 325 2038 et
345 1979 429 2038 fumo
451 1980 518 2039 est²
543 1978 735 2051 creberrima,
753 1979 826 2055 quie
846 1976 941 2039 fuerit
961 1977 995 2036 in
1016 1980 1109 2054 gente

151 2083 259 2140 uestra
268 2097 322 2137 rex
332 2077 492 2138 mirandae
505 2077 688 2152 sanctitatis,
703 2077 853 2138 uocabulo
868 2076 1008 2152 Osuuld³,
1021 2076 1109 2137 cuius

149 2177 338 2239 excellentie
360 2175 434 2236 fidei
458 2180 488 2236 et
510 2175 646 2250 uirtutis,
671 2177 766 2236 etiam
788 2179 859 2253 post
881 2178 1023 2250 mortem,
1050 2174 1110 2234 uir·

149 2281 264 2340 tutum
281 2274 491 2352 frequentium
513 2276 690 2352 operatione
703 2275 869 2350 claruerit3
889 2293 1065 2352 precorque,
1082 2274 1110 2334 si

148 2375 273 2452 aliquid
287 2373 489 2451 reliquiarum
503 2374 589 2436 illius
602 2395 699 2452 penes
715 2377 748 2434 te
765 2374 867 2448 hebes,
884 2373 1004 2433 adferes
1016 2372 1106 2446 mihi,

150 2476 179 2535 si
209 2473 292 2534 forte
319 2473 400 2534 mibi
427 2473 582 2534 Dominus
612 2493 668 2550 per
694 2474 761 2534 eius
790 2472 940 2534 meritum
970 2470 1110 2531 misereri

150 2571 322 2634 uoluerit”
351 2573 396 2632 At
410 2593 467 2650 ego
478 2574 642 2650 respondi:
668 2573 803 2634 “Habeo
816 2571 945 2649 quidem
959 2571 998 2630 de
1012 2570 1107 2648 ligno,

151 2674 188 2734 in
210 2691 273 2748 quo
292 2674 386 2748 caput
404 2670 471 2732 eius
489 2671 580 2732 occisi
600 2671 765 2750 spcgunis
783 2671 918 2730 infixum
937 2671 985 2728 est
996 2690 1004 2743 ;
1026 2671 1065 2743 et,
1083 2668 1110 2728 si

151 2772 250 2832 firmo
271 2769 360 2830 corde
381 2769 552 2846 credideris,
577 2773 679 2848 potest
702 2768 812 2830 diuino
834 2768 935 2845 pictos
955 2786 1010 2844 per
1029 2766 1111 2826 tenti

151 2867 307 2930 meritum
323 2869 384 2928 uiri
398 2873 429 2930 et
443 2868 556 2930 huius*
571 2869 654 2930 uitce
668 2867 769 2944 spatie
780 2866 922 2944 longiore
934 2865 1107 2941 concedere,

153 2971 186 3028 et
223 2966 390 3044 ingressu⁵
422 2971 454 3028 te
488 2968 572 3030 uites
606 2966 753 3044 perennis
787 2965 920 3042 dignum
952 2963 1111 3024 reddere.”

153 3065 223 3126 Nec
251 3069 391 3126 moratus
419 3066 474 3126 ille
497 3067 653 3144 integrum
679 3085 713 3126 se
740 3065 774 3126 iu
799 3064 857 3124 hoc
878 3063 993 3124 bebere
1016 3061 1112 3122 fidem

152 3164 370 3242 respondebat

201 3264 302 3324 ‘Tum
317 3263 462 3324 benedixi
480 3283 604 3342 equom,
626 3266 658 3324 et
677 3262 813 3323 cotulam
831 3260 952 3321 roboris
964 3259 1113 3336 praefoti⁸

154 3362 324 3424 inmittens
346 3361 446 3422 obtuli
470 3383 543 3440 egro
567 3361 748 3439 potandum.
793 3360 858 3420 Nec
879 3379 975 3434 moro,
999 3357 1115 3418 melius

153 3461 274 3524 bebere
298 3461 406 3538 coepit,
434 3466 466 3522 et
487 3460 706 3522 concalescens
728 3460 768 3521 eb
792 3459 985 3533 infirmitate,
1012 3456 1115 3517 multo

155 3561 304 3638 deinceps
328 3563 468 3637 tempore
492 3560 591 3634 uixit;
627 3563 754 3637 totoque
781 3561 819 3620 cd
845 3560 948 3619 Deum
972 3555 1063 3616 corde
1083 3558 1115 3614 et

156 3681 252 3742 opere
287 3679 462 3734 conuersus,
492 3658 647 3734 omnibus,
681 3659 868 3736 ubicumque
901 3654 1112 3734 perueniebat,

192 3808 624 3872 'corporieoddedonmorptnlb
735 3804 951 3857 ’estonum
1048 3801 1115 3852 'os-

157 3889 246 3940 uuald
258 3888 287 3938 G.
331 3885 440 3937 ⁴buius
451 3887 503 3936 tibi
515 3887 543 3937 0.
556 3887 587 3936 D.
602 3887 645 3938 de.
690 3883 789 3935 'eum
801 3884 836 3935 11.
848 3883 893 3936 ῙΡ.
937 3879 1071 3946 'probuti
1081 3881 1114 3930 N.
