2859 4334
333 246 398 310 ιιι
614 246 772 313 seara
794 245 1028 313 semesa
1161 257 1273 321 [niv.
1396 222 1397 315 l

1396 346 1397 385 ι

333 419 464 498 contigit
480 421 560 481 forte
577 421 683 498 ipsum
701 442 835 499 puerum
855 422 932 483 hora
950 424 1048 482 ferme
1065 421 1203 482 secunda
1219 417 1275 478 diei

333 522 368 581 in
383 521 458 594 loco,
470 521 504 580 in
518 541 580 598 quo
594 541 666 598 eger
678 520 805 596 iacebat,
817 522 921 581 solum
933 521 1071 582 inueniri
1084 546 1090 592 ;
1112 522 1164 581 cui
1177 518 1276 580 diuins

337 620 539 696 dispositione
566 620 669 680 subito
696 619 867 680 beatissimi
894 621 1105 698 apostolorum
1128 617 1276 698 principes

338 719 457 796 dignati
492 722 567 779 sunt
601 738 753 796 apparere.
805 720 880 794 Erat
914 720 1001 779 enim
1034 739 1113 797 puer
1145 718 1277 779 multum

338 817 489 894 simplicis
518 837 553 878 se
587 817 743 878 mansueti
776 816 884 892 animi,
914 817 1093 895 sinceraque
1121 815 1278 877 deuotione

339 917 531 975 sacramente
541 915 622 990 fidei,
639 935 718 992 quae
732 920 914 992 susceperat,
928 936 1063 976 seruans
1108 915 1277 976 Salutautee

341 1035 413 1092 ergo
436 1015 530 1073 illum
553 1013 659 1074 uerbis
682 1015 833 1091 piissimis
853 1015 984 1092 apostoli
1005 1015 1173 1075 dicebant:
1199 1008 1278 1071 ‘Noli

340 1113 458 1188 timere,
476 1113 531 1188 fili,
548 1116 691 1188 mortem,
714 1133 771 1190 pro
792 1134 853 1191 qus
873 1114 1026 1174 sollicitus
1045 1134 1098 1188 es;
1122 1133 1184 1173 nos
1203 1109 1278 1172 enim

340 1216 372 1272 te
392 1212 543 1272 hodierna
562 1211 666 1271 dicad
688 1212 832 1272 caelestia
801 1231 960 1275 rasumus
981 1232 1076 1290 regna
1095 1206 1276 1289 perducturi

341 1313 402 1373 Sed
434 1311 572 1387 primum
606 1314 767 1387 expectere
798 1309 902 1386 habes,
933 1311 1032 1370 donec
1067 1312 1184 1370 missae
1215 1308 1281 1368 cele

341 1411 433 1470 brent
436 1430 480 1484 ur,
510 1429 545 1468 ac
574 1408 687 1469 uiatico
715 1409 865 1471 dominici
892 1410 1028 1487 corporis
1060 1429 1096 1470 ac
1127 1409 1281 1488 sanguinis

342 1511 472 1584 accepto,
496 1507 540 1567 sic
560 1507 744 1568 infirmitate
762 1508 858 1567 simul
879 1511 910 1568 et
929 1511 1031 1568 morte
1053 1509 1223 1582 absolutus,
1247 1505 1281 1565 ad

341 1606 512 1669 aeternam
527 1607 619 1665 caelis
632 1606 745 1683 gaudia
762 1608 943 1669 subleueris.
988 1609 1097 1669 clama
1110 1628 1185 1686 ergo
1198 1607 1235 1668 ad
1253 1609 1281 1664 te

342 1706 559 1785 presbyterum
586 1706 714 1782 Eappan
725 1706 742 1781 ¹,
773 1709 805 1767 et
832 1708 927 1767 dicito
954 1707 1010 1783 illi,
1042 1706 1116 1784 quia
1136 1707 1282 1767 Dominus

344 1803 505 1867 exaudiuit
531 1824 637 1880 preces
665 1808 792 1880 uestras,
823 1809 855 1866 st
882 1806 1082 1867 deuotionem
1110 1827 1147 1866 ac
1178 1804 1283 1866 ieiunis

257 1887 258 1890 Ἴ
343 1902 497 1982 propitius
519 1901 659 1978 aspexit3
691 1922 793 1980 neque
816 1903 930 1981 aliquis
957 1904 996 1964 de
1023 1905 1082 1964 hoc
1104 1902 1283 1964 monestede

344 2001 430 2064 siue⁹
453 2000 664 2060 adiacentibus
690 2001 720 2060 ei
741 2003 999 2079 possessiunculis
1022 2003 1081 2063 hac
1102 2003 1188 2062 clade
1209 2002 1284 2061 ultre

346 2101 516 2163 moriturus
537 2102 600 2169 est;
622 2100 676 2159 sed
697 2119 814 2175 omnes,
832 2102 887 2178 qui
907 2101 1021 2162 alicubi
1041 2103 1081 2162 de
1102 2102 1213 2162 uestris
1230 2101 1282 2160 hac

346 2198 521 2276 egritudine
549 2196 697 2272 laborant,
725 2200 925 2260 resurrecturi
952 2220 971 2260 s
1000 2200 1136 2277 langore,
1163 2199 1284 2277 pristina

347 2302 422 2359 sunt
456 2298 604 2374 sospitate
637 2299 848 2375 recuperandi,
885 2302 1007 2376 praeter
1039 2303 1072 2360 te
1103 2301 1203 2359 solum
1236 2295 1284 2374 qui

347 2398 496 2458 hodierne
521 2415 554 2455 es
578 2395 628 2455 die
650 2397 831 2458 liberandus
854 2419 873 2458 a
896 2402 1005 2473 morte,
1029 2401 1062 2457 et
1081 2399 1121 2458 ad
1142 2398 1282 2457 uisionem

348 2496 477 2556 Domini
499 2494 624 2569 Christi,
648 2495 699 2555 cui
719 2495 854 2556 fideliter
872 2497 1006 2571 seruisti,
1029 2497 1237 2573 perducendus
1254 2494 1283 2552 in

347 2595 488 2668 caelum3
510 2594 591 2671 quod
606 2594 715 2654 diuina
730 2596 819 2655 uobis
837 2596 1067 2657 misericordia³
1087 2616 1143 2673 per
1156 2597 1283 2654 interes

348 2694 470 2753 sionem
485 2692 621 2769 religiosi
634 2713 669 2753 ac
683 2694 750 2753 Deo
764 2694 869 2754 dilecti
882 2694 965 2772 regis
979 2693 1117 2768 0sualdi,
1131 2695 1186 2770 qui
1197 2709 1283 2769 quon·

349 2794 421 2852 dnm
456 2791 542 2868 genti
567 2791 902 2870 Nordanhymbrorum
930 2797 963 2854 et
995 2793 1085 2870 regni
1118 2788 1284 2869 temporalis

348 2890 529 2951 auctoritate
553 2893 585 2949 et
616 2890 810 2951 Christianae
837 2890 970 2968 pietatis,
998 2912 1077 2969 quse
1103 2892 1141 2951 sd
1166 2907 1283 2968 regnum

349 3009 487 3066 perenne
503 2988 600 3064 ducit,
623 2989 788 3048 deuotione
807 2989 986 3050 sublimiter
1001 2990 1145 3066 praefuit,
1163 2990 1285 3049 eonferrc

350 3088 476 3166 dignate
491 3090 547 3148 est.
590 3086 660 3146 Hac
678 3087 797 3147 etenim
814 3087 865 3148 die
883 3089 968 3149 idem
987 3109 1043 3149 rex
1062 3089 1102 3149 ab
1121 3087 1286 3149 infidelibus

350 3187 492 3246 inbelle
520 3185 717 3262 corporaliter
743 3186 908 3276 extinctus,
932 3207 1007 3247 mox
1031 3188 1070 3247 ad
1092 3184 1286 3264 sempitsms‘

367 3284 544 3344 animarum
564 3285 675 3361 gaudia
697 3285 887 3345 adsumtus
877 3305 912 3345 ιιι
933 3286 1063 3361 caelum,
1080 3289 1113 3346 et
1134 3287 1362 3346 electommrszt·

351 3385 399 3443 est
419 3383 552 3447 sociatus
568 3382 755 3460 agminibus.
801 3382 1032 3457 Quaerant⁶in
996 3388 1117 3445 msuis
1136 3384 1286 3449 codicibus,

352 3479 387 3539 in
422 3481 537 3558 quibus
571 3481 700 3541 defunct
687 3486 793 3542 torum
828 3487 876 3544 est
902 3483 1050 3544 adnotata
1079 3484 1237 3561 depositio,
1263 3484 1289 3538 et

386 3643 394 3673 ¹
411 3660 496 3708 espen
508 3647 543 3697 N.
613 3647 691 3696 'sibi
704 3647 741 3696 M.
753 3648 786 3697 N.
798 3647 852 3708 1113
870 3649 928 3696 siue
940 3649 970 3711 Β,
985 3652 1091 3696 brawith
1108 3660 1290 3697 neonem:

352 3743 399 3776 seu
410 3729 463 3777 sibi
471 3727 513 3792 ⁰2·
569 3727 579 3755 ³
595 3731 779 3779 misericordia
789 3747 836 3781 cm.
848 3730 893 3795 W,
906 3737 1006 3780 inseres
1017 3737 1046 3790 ty
1055 3747 1073 3780 e
1083 3737 1154 3780 mnes
1164 3736 1217 3780 ura
1226 3730 1290 3776 rans.

353 3826 399 3859 orn.
418 3812 459 3860 B'.
475 3819 522 3874 grat
538 3813 646 3874 (gratis)
667 3818 765 3862 inserted
787 3818 815 3872 bu
838 3813 879 3874 13²,
897 3831 944 3864 sm.
961 3815 1018 3874 H1;
1043 3815 1131 3876 gratie
1147 3815 1193 3872 0,;
1208 3811 1291 3860 (liuius

354 3889 498 3940 clementia
509 3891 584 3940 uobis
595 3891 637 3956 02.
703 3890 713 3920 ⁴
731 3907 847 3955 superna
858 3892 902 3943 Bl.
983 3893 994 3922 ³
1010 3898 1143 3955 quaerant
1154 3907 1213 3954 crgo
1223 3888 1264 3938 rr.
