2859 4334
354 245 420 308 214
631 244 792 310 Historia
809 245 1042 312 Ecclesiastico
1186 258 1297 323 [Lali.

355 416 501 478 uidelicet
514 417 742 478 monasterium
763 437 862 496 usque
881 419 975 480 hodie
994 421 1034 480 ab
1048 420 1165 498 Anglis
1185 425 1301 482 tenetur
1392 450 1393 459 ¹

354 515 474 575 incolis.
529 514 640 592 Ipsum
669 536 805 594 namque
832 520 889 592 est,
914 519 997 594 quod
1021 539 1106 579 nunc
1130 520 1300 597 grandella
1392 592 1393 597 η

355 614 478 674 modico
492 614 646 689 effectum,
661 615 786 692 muigeo
800 619 947 676 consuete
961 621 1096 693 uocatur,
1109 621 1142 678 et
1151 620 1299 679 conuersis
1392 600 1393 609 ἵ

355 712 538 774 iamdudum
566 713 604 773 ad
632 713 761 774 meliora
788 715 935 775 instituta
962 717 1117 789 omnibus,
1149 719 1299 796 egregium

355 831 486 872 examen
508 812 648 872 eontinet
670 814 904 888 monachorum,
921 815 976 892 qui
999 816 1039 875 de
1061 816 1228 894 prouincia
1247 819 1301 878 An·

355 910 480 988 glorum
502 910 618 970 ibidem
647 911 777 985 collecti,
808 912 847 971 ad
875 913 1054 990 exemplum
1081 915 1300 976 uenerabilium

355 1012 480 1087 patrum
495 1009 553 1068 sub
567 1008 674 1086 regula
693 1012 724 1069 et
739 1009 849 1071 abbate
870 1011 1018 1072 canonico
1035 1013 1071 1072 in
1088 1033 1208 1090 magna
1221 1015 1302 1074 conti

356 1109 464 1168 nentia
477 1111 506 1168 et
522 1108 700 1170 sinceritate
713 1108 838 1186 proprio
851 1110 957 1170 labore
970 1130 1125 1172 manuum
1139 1111 1253 1173 uiuant
1262 1111 1279 1173 ¹.

755 1308 848 1370 CAP.
871 1308 911 1370 V.

358 1474 391 1520 Dc
402 1475 472 1520 morie
484 1474 557 1520 Oraia
568 1475 588 1518 ei
599 1473 716 1528 Erobercii
724 1466 734 1495 ²
742 1485 831 1532 recum,
844 1477 866 1519 ei
875 1475 903 1518 dc
913 1471 1087 1531 synodo'soda
1097 1477 1132 1520 ad
1141 1475 1219 1521 bmm
1229 1477 1303 1522 flee-

511 1551 584 1608 sorda
592 1547 609 1610 ⁴,
623 1552 662 1596 cai
670 1551 816 1606 praesidebat
823 1553 1006 1609 archiepiscopus
1018 1554 1153 1599 l'teodonie.

280 1720 294 1751 0
400 1690 493 1750 Auno
518 1688 691 1751 dominicae
716 1689 938 1750 incarnationis
964 1690 1160 1766 DOLXXm,
1189 1697 1243 1772 qui
1264 1698 1304 1754 est

185 1779 220 1870 ,⁸
240 1782 307 1870 robe
333 1789 461 1848 'annue
481 1790 635 1850 secundus
657 1811 695 1852 ex
716 1811 778 1868 quo
798 1789 988 1850 Brittaniam
1009 1791 1098 1851 uenit
1120 1793 1301 1867 Theodorus

236 1885 281 1928 ri.
360 1887 457 1949 Osuiu
479 1908 533 1948 rex
553 1888 888 1968 Nordanhymbrorum
908 1908 1033 1966 pressus
1048 1893 1097 1950 est
1117 1891 1301 1965 infirmitate,

359 2005 419 2060 qua
433 1988 465 2044 et
479 1989 622 2046 mortuus
635 1989 683 2047 eat
702 2006 787 2047 anno
802 1984 1152 2048 aetatiseuaeLV1110.
1198 1990 1256 2064 Qui
1273 1991 1302 2048 in
1392 2010 1393 2023 ³

358 2085 485 2143 tantum
513 2103 549 2143 eo
578 2088 720 2162 tempore
753 2085 919 2144 tenebatur
952 2104 1058 2144 amore
1093 2087 1252 2147 Romanae
1275 2091 1304 2146 ot

360 2181 545 2256 apostolicae
559 2183 774 2258 institutionis,
787 2189 830 2256 ut,
842 2183 869 2242 si
879 2182 918 2242 ab
932 2182 1117 2244 infirmitate
1130 2187 1301 2257 adunetur,

360 2280 456 2338 etiam
484 2281 616 2342 Romam
642 2283 757 2357 uenire,
788 2282 896 2358 ibique
920 2283 959 2341 ad
987 2282 1054 2344 loca
1081 2289 1190 2345 sancia
1215 2285 1304 2344 uitam

360 2377 450 2438 finire
465 2380 649 2456 disponeret,
668 2381 904 2458 Uilfridumque
923 2381 1102 2457 episcopum
1121 2383 1232 2444 ducem
1250 2383 1305 2442 sibi

360 2475 483 2536 itineris
504 2477 579 2551 fieri,
596 2479 749 2555 promissa
767 2481 771 2548 Ι
790 2499 855 2538 non
876 2498 973 2554 parua
996 2481 1200 2555 pecuniarum
1222 2483 1306 2541 dona·
1319 2494 1333 2537 t
1344 2492 1382 2546 ai

361 2573 456 2649 tione,
484 2580 612 2655 rogaret.
656 2578 716 2652 Qui
744 2578 910 2637 defunctus
938 2577 989 2638 die
1012 2578 1073 2638 XV
1097 2580 1306 2640 Kalendarum

361 2673 544 2734 Martiarum
558 2676 761 2754 Ecgfridum⁶
775 2676 878 2736 filium
898 2677 987 2753 regni
1006 2677 1153 2737 heredem
1167 2679 1306 2756 reliquit;

189 2789 331 2836 mansues
362 2773 449 2832 cuius
483 2793 566 2833 auno
597 2775 687 2851 regni
719 2775 797 2849 1110,
829 2775 1011 2835 Theodorus
1037 2776 1120 2852 cogit
1148 2777 1306 2838 concilium

189 2851 317 2966 {effifssff'
362 2871 582 2948 episcoporum,
596 2893 659 2933 una
673 2894 745 2933 oum
759 2875 812 2947 eis,
827 2875 883 2950 qui
896 2874 1043 2934 canonica
1056 2878 1183 2951 patrum
1197 2879 1307 2936 statuta

189 2971 236 3026 ⁶7³·
361 2973 393 3029 et
413 2970 587 3048 diligerent,
609 2975 640 3032 et
660 2975 798 3047 nossent,
816 2971 974 3050 magistris
994 2973 1141 3034 ccclesiae
1162 2975 1304 3052 pluribus

362 3069 482 3144 Quibus
498 3071 612 3146 pariter
630 3072 832 3148 congregatis,
849 3071 1017 3148 diligenter
1036 3092 1178 3151 eaquae
1199 3072 1307 3134 unitati

361 3169 445 3245 pacis
472 3169 694 3230 ecclesiasticae
729 3173 945 3246 congruerent,
978 3189 1014 3229 eo
1041 3190 1104 3248 quc
1132 3171 1307 3248 pontificem

361 3267 497 3342 decebat,
514 3269 627 3344 animo,
642 3268 742 3346 coepit
757 3268 950 3329 obseruanda
964 3268 1082 3328 docere.
1126 3270 1222 3330 (iuius
1241 3287 1308 3346 spr-

363 3365 467 3425 odicae
486 3367 616 3428 actionis
636 3367 819 3427 huiusmodi
839 3369 946 3426 textus
967 3369 1036 3426 est:

402 3465 443 3525 In
473 3469 587 3526 nemim
613 3468 736 3526 Domini
768 3469 828 3526 Dei
861 3471 889 3527 ci
917 3465 1084 3527 Suluatoris
1115 3469 1209 3528 aceri
1238 3467 1308 3526 Iesu

362 3563 481 3638 Christi,
512 3570 651 3640 recitante
679 3567 710 3624 ia
738 3569 913 3642 papatuum
947 3583 982 3624 ac
1013 3565 1196 3640 rabamonte
1225 3583 1306 3624 esem

361 3663 506 3723 ecciaiam
527 3665 623 3724 codem
646 3665 775 3723 Domino
796 3664 868 3724 Iesu
890 3663 1012 3736 Christo,
1022 3665 1141 3738 placuit
1162 3663 1309 3724 semin

396 3825 524 3876 ¹uiuunt
535 3825 579 3877 13².
645 3826 849 3878 ²ecberchtic.
937 3827 1051 3878 ³·daC.
1141 3828 1268 3878 ‘heom
1278 3824 1306 3872 C·

364 3904 521 3956 ‘ecfridum
533 3906 562 3957 C.
