2859 4334
147 280 204 330 cn.
218 272 264 340 ν.]
450 263 566 331 Gentio
588 263 795 350 Anyloiwm.
1031 267 1095 331 217

145 457 226 498 mum
248 438 352 499 habere
372 440 532 499 conubium
577 439 688 500 Nniine
710 441 851 500 incestum
866 439 972 515 faciut,
996 442 1098 501 nnitne

145 539 294 612 coninoem
311 540 471 613 propriam,
496 539 563 613 niet,
585 543 619 599 nt
639 544 774 598 sanctum
800 541 984 614 enonoelinm
1007 541 1094 614 docet,

139 637 348 709 fornicationis
357 654 454 710 conso,
467 639 620 711 relinquat.
651 637 770 713 Quodn
783 639 936 713 quiequam
943 641 1097 714 propriam

145 735 301 808 opulnto
321 737 471 811 coniugem
484 737 609 811 teoitimo
624 737 681 796 sibi
694 739 881 796 matrimonio
901 740 1093 812 oonitnictom,

144 835 171 894 si
192 833 379 894 Christianae
399 853 458 895 cese
480 839 553 894 recte
574 835 706 910 notuerit,
723 837 800 894 oniti
821 837 908 895 atteri
930 839 1097 911 copntetnr;

145 933 195 992 sed
203 935 246 991 ito
252 938 434 1008 pennoneot,
452 938 505 993 ont
512 936 651 1008 propriae
664 936 863 994 reconcilietur
874 935 1010 1010 coninoiss

185 1032 247 1092 His
260 1035 357 1106 itoqne
372 1034 507 1107 capitulio
526 1033 559 1090 in
580 1051 729 1092 oommnne
749 1035 936 1094 tractatione
956 1034 1093 1108 definitio,

145 1135 179 1189 nt
192 1132 308 1191 nntium
323 1132 452 1206 deinceps
465 1132 609 1206 abaliquo
619 1133 771 1190 noctnon²
784 1134 900 1191 oriotnr
908 1135 1098 1192 contentionis

145 1231 325 1304 wandalum,
350 1227 403 1289 ont
423 1231 485 1288 otio
498 1248 555 1304 pro
576 1232 645 1291 aliis
666 1231 897 1304 dinnlqorentnr,
912 1233 1033 1305 placuit,
1049 1235 1092 1305 nt,

144 1347 273 1404 qnoeone
313 1330 436 1404 definito
475 1333 552 1403 eunt,
589 1331 787 1404 unnsquisque
823 1335 957 1390 nostium
990 1349 1097 1404 monne

51 1469 73 1492 .,
111 1474 116 1484 .
143 1431 280 1502 propriae
313 1429 522 1502 subscriptione
555 1430 748 1502 confirmaret.
770 1427 775 1507 Ι
794 1427 890 1504 Qum
921 1431 1097 1488 sententiam

145 1529 326 1600 definitionis
349 1531 465 1587 nostroe
493 1525 611 1587 Tectum
633 1530 750 1588 notorio
773 1528 955 1588 ocritendom
977 1529 1094 1588 dictoni.

144 1627 256 1687 Actum
278 1629 312 1685 in
333 1645 430 1686 morice
452 1631 479 1686 et
501 1627 659 1686 indictione
683 1645 775 1702 cnoro
797 1628 914 1701 ecn'Jita.
960 1627 1098 1703 Qiiisqine

144 1728 238 1801 ἐρίων
257 1731 358 1786 contro
385 1727 460 1785 hone
486 1727 668 1801 sententiam,
694 1729 779 1786 ineto
806 1727 919 1786 decreto
942 1745 1094 1801 cononum,

144 1831 245 1886 nostro
266 1827 355 1885 etiam
375 1828 560 1886 consensione
580 1844 614 1886 ae
633 1827 842 1900 etobscriptione
857 1843 965 1885 monne
982 1831 1098 1887 nostroe

144 1925 356 1998 consternatam,
386 1941 497 1998 onorio
525 1925 609 1984 modo
642 1925 752 1997 uenire,
784 1941 903 1998 comque
936 1924 1098 1999 infrinoere

145 2025 319 2096 temtonen't,
337 2025 451 2082 nouerit
468 2040 499 2083 ee
515 2023 553 2083 nb
571 2024 653 2084 ocnni
666 2024 759 2097 officio
771 2024 943 2083 sacerdotati
957 2027 984 2082 et
997 2029 1098 2084 nostra

143 2123 276 2181 socictate
285 2125 451 2195 soporatum
459 2121 479 2181 ⁴.
509 2121 628 2182 Dinino
637 2140 690 2182 nos
699 2124 799 2196 oratio
811 2123 846 2180 in
858 2123 971 2182 onitate
980 2127 1099 2182 sannae

143 2237 215 2280 enne
227 2221 358 2280 ecelesiae
370 2221 504 2280 ninentea
516 2221 658 2281 custodiat
672 2222 834 2282 incolo-moe.

186 2317 279 2378 Facta
296 2321 344 2378 eet
362 2321 468 2378 autem
482 2318 557 2380 haec
571 2319 709 2396 synodus
725 2338 809 2379 anno
827 2317 867 2377 ab
887 2318 1098 2378 incarnatione
1114 2331 1201 2376 neoth
1211 2331 1240 2374 of

145 2417 275 2477 Domini
298 2417 443 2478 DCLXX
466 2419 568 2492 tertio,
595 2438 656 2495 quo
677 2437 762 2477 anno
782 2437 837 2476 rex
858 2417 1097 2478 cantuariorum
1114 2391 1269 2494 ffffissssd

144 2515 297 2594 Eogberct
308 2517 318 2546 ⁵
331 2535 440 2576 mense
461 2517 543 2576 Iulio
564 2516 691 2592 obierat,
709 2515 893 2576 succedente
911 2515 945 2575 in
964 2536 1096 2594 regnum
1113 2509 1269 2624 fflgfffflv

144 2615 240 2676 fiatre
260 2615 423 2691 Hlothere,
448 2617 529 2693 quod
550 2616 616 2693 ipse
637 2635 737 2676 annos
759 2615 808 2675 XI
833 2619 865 2676 et
886 2635 1010 2676 menaea
1031 2616 1097 2676 VII
1114 2629 1241 2684 onnon

145 2715 256 2774 tenuit
301 2715 370 2774 Bisi
384 2716 490 2775 autem
505 2715 668 2792 opiscopus
683 2715 892 2776 Orientalium
907 2715 1094 2792 Anglorum,

145 2813 199 2890 qui
227 2813 261 2872 in
289 2811 445 2890 praetata⁶
466 2815 586 2892 synodo
607 2814 703 2874 fuisse
731 2813 920 2890 perhibetur,
944 2813 1011 2891 ipse
1032 2817 1098 2874 erat
1115 2824 1266 2870 Divisionos

145 2931 301 2996 successor
311 2912 470 2988 Bonifatii,
483 2914 570 2974 ouius
584 2933 676 2990 supra
691 2912 905 2988 meminimus,
919 2912 968 2972 uir
979 2911 1098 2973 multoe
1114 2886 1240 3000 {hssgffi

145 3011 319 3072 sanctitatis
333 3014 364 3071 et
378 3011 545 3088 roligionin
591 3011 672 3072 Nam
684 3011 844 3071 Bonifatio
857 3013 930 3088 post
944 3011 975 3071 X
989 3014 1021 3071 et
1030 3012 1097 3072 VII
1114 3005 1216 3049 ἀίω

146 3109 338 3186 epiaoopatus
354 3109 403 3169 sui
417 3129 517 3170 annos
530 3110 685 3185 defuncto,
703 3110 865 3187 episcopua
885 3110 952 3186 ipse
973 3129 1028 3186 pro
1050 3131 1094 3186 eo,

145 3207 309 3268 Theodoro
323 3209 496 3286 ordinante,
513 3210 612 3269 faetus
626 3211 681 3269 est.
721 3210 789 3285 Quo
803 3209 905 3269 adhuc
920 3209 1095 3284 superstite,

144 3307 198 3366 ned
214 3307 397 3383 grauissima
411 3293 592 3368 infirmitate
606 3308 645 3368 ab
657 3307 905 3368 administrando
921 3308 1097 3385 episcopatu

143 3405 312 3482 prohibito,
330 3405 392 3466 duo
406 3409 481 3466 sunt
495 3426 552 3484 pro
565 3406 630 3482 illo,
647 3407 743 3466 Aeoci
757 3409 789 3466 et
802 3405 961 3466 Baduuini
971 3405 990 3480 ⁷,
1007 3406 1096 3466 eiecti

144 3509 175 3564 et
197 3506 366 3564 consecrati
387 3505 542 3583 episcopi3
563 3525 601 3564 ex
622 3525 684 3583 quo
705 3525 804 3583 usque
824 3504 917 3565 hodie
937 3505 1098 3582 prouincia

143 3602 199 3663 iila
213 3603 292 3664 duos
305 3603 419 3664 habero
433 3605 512 3666 solet
526 3603 694 3682 episcopos„

177 3785 185 3815 ¹
203 3785 308 3850 expulit
320 3787 351 3837 B.
432 3784 442 3815 ¹
459 3789 611 3836 nostrorum
623 3785 665 3837 13¹.
747 3787 757 3816 ⁸
773 3786 855 3837 titula
865 3787 898 3836 N.
910 3787 943 3834 B'
953 3803 984 3834 on
994 3802 1096 3837 erasure.

143 3865 152 3896 ⁴
170 3879 257 3928 naper·
269 3865 305 3914 M.
388 3865 398 3896 ¹
414 3865 519 3915 ·bercht
531 3866 559 3916 C.
638 3865 648 3894 ⁸
664 3867 703 3916 ·to
715 3866 745 3917 (t.
832 3864 842 3894 ¹
858 3881 904 3914 ·ne
913 3863 965 3926 13¹;
982 3864 1095 3914 haduini

143 3943 164 3994 (t
174 3959 182 4006 ;
194 3943 329 3994 balluuini
338 3947 422 3993 alienent
433 3949 481 3992 trito
492 3943 555 3994 bad·
565 3959 591 3992 or
599 3943 674 3994 baid-
685 3944 720 3995 N.
