2859 4334
138 281 197 334 cs.
209 279 316 344 rx1v.]
438 271 553 338 Gentis
574 271 778 358 deplorem.
1019 274 1082 337 177

137 444 245 504 didicit
266 465 299 506 se
319 465 399 523 aqua
419 446 615 524 baptismatis
636 467 700 507 non
722 467 789 508 esse
810 450 1033 525 regeneratum,
1050 451 1083 508 et

136 563 209 603 mox
224 543 310 604 fonte
328 545 442 606 lauacri
460 545 605 606 salutaris
618 546 752 622 ablutus,
770 549 865 607 etiam
879 546 1081 624 postmodum

136 643 174 702 ad
198 643 340 703 ordinem
367 644 551 722 presbyterii
577 647 741 722 promotus
768 648 823 720 est,
848 645 1021 724 multisque
1047 645 1082 706 in

137 741 264 802 ecclesia
274 743 362 802 utilis
372 742 432 803 fuit
445 765 452 818 ;
470 745 508 804 de
519 763 580 821 quo
589 744 799 804 dubitandum
810 763 873 804 non
888 744 1080 818 crediderim,

137 840 212 916 quin
242 840 524 918 intercessionibus,
551 844 588 903 ut
615 843 689 918 dixi,
720 844 771 902 sui
797 842 903 920 patris,
929 842 967 903 ad
995 842 1083 902 cuius

136 959 247 1016 corpus
261 939 436 1000 dilectionis
454 939 553 1018 ipsius
568 940 667 1018 gratia
680 944 816 1015 uenerat,
835 941 876 1001 sit
894 941 933 1001 ab
950 941 1082 1002 articulo

137 1038 248 1098 mortis
268 1041 415 1114 retentus,
433 1041 468 1100 ut
487 1040 602 1117 etipse
620 1040 665 1099 sic
683 1043 818 1100 mortem
834 1040 977 1099 euaderet
990 1043 1083 1100 aeter·

137 1156 220 1212 nam,
244 1138 277 1197 et
297 1137 367 1198 aliis
391 1157 513 1215 quoque
537 1137 687 1199 fratribus
710 1137 921 1206 ministerium
943 1140 1027 1199 uitae
1047 1157 1083 1198 ac

136 1235 248 1296 salutis
261 1235 399 1298 docendo
412 1235 579 1297 exhiberet.

490 1455 581 1517 ΟΑΡ.
605 1455 725 1516 XXIV.

139 1625 166 1670 Ut
172 1625 299 1680 prouincia
313 1625 459 1684 dictrictum,
472 1626 542 1672 occiso
558 1639 607 1683 repe
618 1627 705 1684 Pcncla,
714 1627 788 1681 fidem
806 1627 890 1672 Christi
906 1627 1045 1682 auerepud:
1061 1627 1083 1672 et

224 1703 305 1764 omia,
314 1716 358 1760 pro
370 1705 453 1759 adepto
469 1706 576 1760 uictoria,
583 1707 738 1760 posessione
748 1709 769 1751 et
783 1707 897 1750 territorio
907 1707 952 1751 Deo
968 1705 1001 1750 ad

404 1783 556 1828 commendo
567 1786 709 1828 monasterio
721 1785 815 1829 ammi.

176 1913 242 1976 Hrs
268 1912 460 1992 temporibus
487 1933 542 1974 rex
570 1915 677 1989 Osuiu,
709 1935 782 1975 oum
816 1913 960 1977 acerbas¹
989 1916 1082 1990 atque
1099 1930 1185 1975 Penus
1292 1967 1295 1970 ,

135 2013 348 2074 intolerabiles
374 2016 533 2090 pateretur
560 2012 757 2090 inruptiones
784 2033 875 2091 saepe
899 2012 974 2074 dicti
1001 2012 1083 2090 regia
1099 1988 1227 2095 ffi'ffin

136 2111 332 2188 Meroiorum,
358 2113 412 2190 qui
439 2113 569 2174 fratrem
594 2111 661 2172 eius
685 2112 845 2188 occiderat,
870 2113 909 2173 ad
933 2111 1082 2172 ultimum
1099 2109 1212 2214 {3335

134 2211 319 2272 necessitate
333 2214 461 2288 cogente
479 2211 623 2288 promisit
637 2231 670 2272 se
683 2211 713 2271 ei
726 2211 893 2271 innumera
905 2214 937 2272 et
953 2209 1079 2284 maiora,
1099 2227 1171 2272 win-

134 2329 230 2388 quam
258 2309 340 2370 credi
367 2312 477 2386 potest,
504 2313 687 2370 ornamenta
714 2309 798 2388 regia
824 2310 875 2370 uel
898 2309 1025 2370 donaria
1047 2309 1082 2368 in
1098 2287 1202 2400 ξζξῇὣ

134 2409 272 2486 pretium
294 2409 378 2486 pacis
400 2408 594 2485 largiturum,
618 2409 790 2469 dummodo
811 2408 866 2468 ille
887 2409 1016 2468 domum
1038 2427 1083 2467 re·
1098 2406 1147 2460 ⁶⁵⁵·

134 2505 226 2578 diret,
243 2505 275 2564 et
294 2503 470 2580 prouincias
487 2502 576 2580 regni
590 2502 657 2562 eins
671 2521 771 2579 usque
783 2503 822 2563 ad
842 2502 1081 2563 internicionem

134 2607 258 2664 uastare
280 2602 440 2664 desineret
485 2602 626 2681 Cumque
654 2623 708 2662 rex
735 2602 873 2680 perfidus
900 2601 1082 2662 nullatenus

133 2701 278 2779 precibus
305 2700 393 2761 illius
419 2721 580 2762 assensum
607 2701 777 2778 praeberet,
805 2701 860 2778 qui
887 2703 987 2761 totam
1016 2700 1083 2760 eius

133 2803 264 2876 gentem
284 2819 303 2860 e
326 2819 423 2878 paruo
444 2818 543 2876 usque
563 2800 602 2860 ed
623 2818 775 2878 magnum
797 2799 899 2860 delere
919 2801 1013 2877 atque
1035 2818 1083 2860 ex·

134 2898 306 2960 terminare
320 2899 503 2974 decreuerat,
520 2898 655 2976 respexit
669 2898 725 2959 ille
738 2899 776 2959 ad
791 2898 915 2958 diuinae
929 2897 1082 2958 auxilium

39 3021 48 3048 r
133 2997 269 3075 pietatis,
291 2993 296 3076 Ι
322 3017 384 3075 quo
411 2997 450 3057 ab
478 2997 639 3075 impietate
667 2997 824 3057 barbarica
851 2999 955 3074 posset
982 2996 1082 3074 eripi3

133 3099 274 3172 notoque
300 3115 334 3158 se
362 3095 521 3172 obligans:
557 3095 609 3156 ‘si
636 3095 797 3174 paganus,’
824 3093 937 3172 inquit,
967 3095 1082 3156 ‘nescit

132 3193 273 3272 accipere
293 3197 400 3256 nostra
420 3193 555 3270 donaria
579 3193 746 3255 offeramus
767 3193 804 3269 ei,
825 3193 880 3272 qui
901 3193 998 3268 nouit,
1019 3194 1082 3255 Do-

133 3293 225 3356 mino
239 3295 305 3354 Deo
324 3293 451 3354 nostro.'
493 3293 591 3354 Uouit
610 3312 689 3370 ergo,
707 3292 788 3370 quis,
805 3292 833 3353 ai
854 3293 953 3353 uictor
973 3293 1082 3353 existe·

134 3391 210 3466 ret²,
228 3390 328 3452 liliam
348 3411 437 3452 suem
457 3393 594 3452 Domino
614 3411 699 3472 sacra
720 3391 899 3468 uirginitate
919 3391 1083 3453 dicandam

134 3491 269 3566 offerret,
300 3489 397 3552 simul
425 3491 457 3550 et
485 3489 554 3550 XII
580 3488 790 3566 possessiones
819 3489 1016 3566 praediorum
1043 3489 1082 3549 ed

133 3590 345 3652 construenda
364 3587 553 3648 monasteria
575 3587 725 3662 donaret;
751 3592 784 3647 et
805 3587 849 3648 sic
870 3607 943 3648 cum
963 3587 1082 3664 paucis-

133 3689 216 3751 simo
245 3690 380 3749 exercitu
409 3706 443 3748 se
470 3685 632 3746 certamini
660 3685 754 3747 dedit.
803 3685 945 3763 Denique
971 3685 1079 3758 fertur,

134 3787 209 3866 quia
236 3785 342 3846 tricies
371 3784 521 3846 maiorem
551 3783 663 3862 pagani
696 3783 864 3844 habuerint
891 3783 1082 3858 exercitum

269 3939 277 3968 ¹
294 3956 402 3992 aoeruaa
413 3942 447 3993 lt.
459 3941 498 3992 0¹.
508 3939 549 3991 13¹.
557 3941 591 3992 N.
697 3938 707 3969 ¹
722 3941 858 3992 exstiterit
868 3941 901 3992 B.

599 4039 619 4081 r
