2859 4334
319 249 382 312 172
587 247 745 314 Historia
766 248 998 315 Ecclesiastico
1143 258 1213 324 [nn.
1227 264 1275 312 ω.

318 422 495 482 conculcata
508 423 543 483 in
557 426 673 484 terram
687 425 893 486 uerterentur.
921 425 1024 484 Deum
1034 424 1141 501 potius
1150 422 1277 484 intelle-

318 522 455 600 gendum
470 522 631 582 maiestate
645 522 991 599 inconprehensibilem,
1008 522 1158 583 humanis
1171 523 1274 582 oculis

317 619 519 694 inuisibilem,
542 620 801 697 omnipotentem,
822 625 994 696 aeternum,
1018 621 1073 698 qui
1093 621 1220 680 saelum
1240 625 1274 681 et

318 721 433 778 terram
448 722 480 778 et
493 720 670 780 humanum
691 739 790 797 genus
810 722 949 794 creasset,
971 723 977 790 Ι
995 721 1122 797 regeret,
1140 724 1174 778 et
1195 719 1275 779 iadi—
1290 725 1376 770 1⁶02
1405 707 1406 782 Ῐ

319 820 443 878 caturus
457 821 538 878 esset
552 818 660 879 orbem
679 818 713 877 in
732 818 910 894 aequitate;
931 818 1021 878 cuius
1036 819 1126 878 sedes
1143 823 1273 879 aetenae
1290 786 1384 899 ἔξω

319 934 383 974 non
402 915 436 974 in
456 915 513 975 uili
531 918 563 976 et
580 917 692 976 caduco
710 916 845 990 metallo,
863 916 917 975 sed
938 916 972 975 in
994 916 1087 975 caelis
1106 919 1190 976 esset
1210 937 1275 976 cre

319 1014 442 1088 denda;
476 1014 651 1090 meritoque
678 1014 936 1091 intellegendum,
968 1014 1041 1092 quia
1068 1033 1187 1087 omnes,
1216 1017 1274 1091 qui

319 1112 514 1172 uoluntatem
551 1113 626 1186 eius,
656 1132 674 1172 a
708 1132 771 1189 quo
805 1114 898 1173 creati
932 1117 1017 1186 sunt,
1048 1113 1205 1172 discerent
1239 1117 1273 1172 et

318 1211 462 1286 facerent,
488 1215 612 1271 aeterna
635 1211 674 1270 ab
702 1212 758 1271 illo
785 1212 923 1288 praemia
951 1213 1055 1270 essent
1081 1212 1271 1288 percepturi

320 1310 405 1370 Haeo
430 1312 461 1369 et
486 1309 667 1370 huiusmodi
690 1311 792 1369 multa
814 1330 886 1370 cum
910 1329 965 1370 rex
989 1309 1089 1370 Osuiu
1113 1310 1180 1388 regi
1205 1311 1274 1388 sig»

318 1407 442 1468 bercto¹
464 1409 587 1468 amicali
608 1413 640 1469 et
662 1410 750 1486 quasi
769 1409 908 1469 fraterno
926 1408 1056 1469 consilio
1069 1427 1162 1484 saepe
1174 1408 1276 1468 incul-

317 1509 408 1580 caret,
425 1507 553 1566 taudem
573 1506 700 1566 iuuante
716 1507 889 1566 amicorum
903 1527 1056 1567 comeneu
1070 1506 1213 1579 credidit,
1228 1510 1272 1573 et,

317 1607 399 1666 facto
420 1625 492 1665 cum
512 1605 577 1666 suis
598 1606 738 1680 consilio,
756 1627 828 1666 cum
849 1605 1071 1678 exhortatione,
1089 1605 1275 1664 fauentibus

147 1723 258 1778 neptam
266 1723 294 1767 of
318 1705 439 1765 cunctis
462 1708 494 1764 et
518 1705 730 1765 adnuentibus
748 1705 830 1779 fidei,
855 1705 1029 1782 baptizatus
1052 1707 1100 1764 est
1127 1724 1203 1764 cum
1227 1704 1277 1763 eis

146 1783 251 1839 Sissbm'
317 1804 477 1864 aFinano
498 1804 640 1881 episcopo
660 1804 695 1864 in
719 1803 797 1864 uilla
818 1804 911 1882 regia,
933 1804 1024 1864 cuius
1047 1823 1143 1881 supra
1163 1804 1274 1863 memi-

319 1904 434 1978 nimus,
463 1905 560 1980 quae²
585 1904 824 1980 cognominatur
846 1904 899 1964 Ad
921 1904 1058 1964 Murum.
1101 1902 1160 1962 Eat
1184 1901 1275 1961 enim

318 2003 405 2062 iuxta
419 2022 546 2062 murum
558 2003 577 2073 ³,
593 2022 654 2079 quo
675 2002 752 2061 olim
774 2002 909 2062 Romani
927 2002 1117 2060 Brittaniam
1131 2000 1275 2060 insulam

319 2101 522 2179 praecinxere,
549 2101 616 2161 XII
639 2100 788 2162 milibus⁴
814 2121 964 2178 passuum
985 2120 1004 2161 a
1024 2099 1105 2159 man'
1126 2099 1275 2158 orientali

318 2203 442 2260 secreta

359 2299 462 2377 Igitur
475 2319 530 2359 rex
544 2298 832 2377 sigberet⁵aece1ni
846 2299 934 2377 regni
951 2299 1015 2357 iam
1033 2296 1112 2356 ciuis
1130 2296 1273 2359 effeetus

319 2397 501 2475 temporalis
530 2397 579 2457 sui
613 2397 702 2474 regni
730 2399 837 2457 sedem
864 2397 989 2474 repetiit
997 2397 1016 2470 ⁸,
1044 2396 1208 2473 postirlans
1232 2395 1276 2453 ab

319 2496 434 2556 Osuiu⁷
446 2516 524 2573 rege,
538 2499 575 2556 ut
588 2496 709 2572 aliquos
726 2495 787 2555 sibi
801 2497 942 2556 doctores
956 2495 1051 2569 daret,
1070 2495 1125 2572 qui
1141 2497 1274 2571 gentem

318 2614 408 2654 suam
427 2595 465 2654 ad
482 2594 578 2654 fidem
600 2594 716 2654 Christi
739 2597 965 2668 conuerterant,
982 2614 1017 2652 ac
1034 2593 1124 2652 fonte
1142 2593 1276 2653 salutm

175 2713 214 2755 a·
318 2692 487 2753 abluerent.
532 2695 577 2753 At
597 2692 653 2752 ille
674 2692 806 2752 mittens
822 2693 861 2752 ad
878 2691 1071 2768 prouinciam
1095 2689 1277 2750 Mediterra-

147 2784 270 2874 semilis
320 2811 450 2852 aeorum
465 2791 643 2868 Anglorum
666 2791 813 2851 clamauit
826 2791 866 2850 ad
881 2811 915 2850 se
928 2791 1035 2849 uirum
1054 2789 1113 2849 Dei
1128 2787 1223 2863 cedd,
1242 2791 1275 2848 et

197 2915 200 2928 ·
233 2905 255 2932 ί·
320 2891 392 2950 dato
415 2890 463 2949 illi
485 2891 567 2950 socio
587 2890 684 2951 altero
705 2890 842 2966 quodam
862 2889 1054 2966 presbytero,
1072 2888 1160 2948 misit
1184 2907 1276 2964 prae

321 2989 421 3049 dicare
432 2989 562 3049 uerbum
579 2990 665 3066 genti
680 2989 888 3049 Orientalium
903 2989 1073 3048 Saxonum.
1119 2987 1184 3047 Ubi
1197 3006 1275 3046 cum

320 3087 427 3146 omnia
441 3088 693 3164 perambulantes
714 3089 849 3147 multam
869 3087 1008 3146 Domino
1022 3087 1184 3146 ecclesiam
1197 3105 1276 3146 con·

320 3189 506 3264 gregassent,
531 3187 662 3264 contigit
685 3189 827 3263 tempore
851 3185 1009 3263 quodam⁸
1030 3186 1166 3245 eundem
1186 3185 1275 3245 Cedd

321 3285 422 3345 redire
443 3285 582 3358 domum,
606 3304 641 3344 aa
661 3285 826 3362 peruenire
844 3284 883 3343 ad
903 3283 1066 3343 ecclesiam
1083 3283 1277 3343 Lindisiaro

320 3385 468 3443 nensem⁹
479 3386 605 3460 propter
619 3383 820 3460 conloquium
832 3383 945 3442 Finani
959 3382 1105 3459 episcopi
1137 3381 1198 3455 Qui
1216 3381 1273 3441 ubi

320 3485 536 3560 prosperatum
565 3482 593 3541 ei
621 3502 700 3558 opus
731 3481 885 3559 euangelii
913 3481 1064 3558 conperit,
1095 3481 1170 3540 fecit
1196 3500 1274 3540 eum

321 3581 500 3658 episcopum
522 3581 556 3641 in
580 3585 705 3658 gentem
731 3580 939 3642 Orientalium
961 3581 1128 3654 Saxonum,
1154 3579 1276 3638 uocatis

354 3745 719 3804 ¹-bereht00;·bereotoN.
752 3743 909 3806 'quiliffl
934 3742 1277 3793 'est...murumon.B.

321 3823 466 3874 *milico
533 3823 860 3880 ⁵·berth;·bereetN.
910 3820 1284 3885 ‘petiitbLotteqiam'aqat

321 3907 404 3951 olivio.
470 3899 570 3952 'osuio
582 3903 614 3952 N.
627 3903 665 3952 0².
677 3902 716 3951 Bl.
787 3901 932 3963 'quadam
943 3900 979 3950 Μ.
1037 3899 1234 3948 ’tamensem
1247 3902 1278 3948 C.
