2859 4334
135 261 194 311 en.
206 255 278 322 v11.]
440 245 555 314 Gentis
576 245 782 332 duplorum.
1044 247 1087 312 93

134 420 276 481 tionibus
303 420 460 482 animatus
487 417 625 483 'famulus
654 421 771 483 Christi
798 421 986 482 Laurentius
1013 441 1088 482 mox

135 539 229 580 mane
250 520 332 580 fecto
355 520 444 581 uenit
467 522 505 582 ed
531 541 644 599 regem,
667 523 706 595 et,
731 520 867 581 retecto¹
888 520 1084 593 uestimento,

41 642 82 682 ,ι
134 619 263 696 quentis
290 621 373 679 esset
401 619 581 680 uerberibus
602 619 762 694 laceratus,
792 619 937 680 ostendit.
1000 616 1088 699 {Qui

132 717 276 777 multum
299 717 431 778 miratus
453 721 485 778 et
509 717 679 796 inquirens,
710 719 781 795 quis
805 721 893 778 tento
917 717 986 778 uiro
1009 717 1088 778 tales

133 835 232 876 ausus
259 820 341 876 esset
368 816 475 894 plagas
501 817 641 895 infligere
653 838 661 892 ;
696 819 732 877 ut
760 816 889 891 audiuit,
917 816 990 894 quia
1015 835 1089 876 suae

133 934 228 974 causa
245 913 356 974 sulutis
372 915 533 992 episcopus
552 916 591 975 ab
612 915 753 992 apostolo
772 914 890 975 Christi
907 918 995 975 tanta
1008 873 1256 974 essethonvorsion

133 1015 294 1074 tormenta
307 1013 474 1092 plagasque
484 1033 656 1091 perpessus,
668 1013 815 1074 extimuit
825 1013 979 1088 multum3
995 1016 1088 1090 atque
1105 983 1258 1029 &mm

133 1111 397 1172 anathematizato
412 1113 500 1172 omni
514 1112 675 1173 idolatriae
689 1111 785 1185 cultu,
803 1112 943 1172 abdicato
957 1110 1089 1171 conubio

133 1229 201 1270 non
211 1210 361 1288 legitimo,
373 1211 507 1288 suscepit
518 1211 613 1270 fidem
624 1211 751 1286 Christi,
765 1214 797 1271 et
810 1209 984 1287 baptizatus
999 1211 1090 1271 eccle-

133 1309 199 1368 siae
223 1307 324 1384 rebus,
348 1312 501 1387 quantum
521 1309 631 1385 ualuit,
654 1309 689 1370 in
707 1308 855 1369 omnibus
873 1309 1034 1370 consulere
1053 1328 1089 1368 ac

132 1407 243 1467 fauere
258 1408 388 1469 curauit

175 1504 265 1566 Misit
275 1504 370 1565 etiam
380 1505 522 1581 Galliam,
534 1510 566 1566 et
576 1505 733 1567 reuocauit
741 1505 1085 1581 MellitumacIustum‚
1106 1531 1203 1574 seeum
1213 1531 1241 1573 or

132 1623 252 1681 eosque
278 1605 318 1664 ad
346 1624 417 1665 suas
444 1605 587 1666 ecclesias
621 1606 719 1665 libere
748 1605 956 1665 instituendas
989 1605 1089 1666 redire
1106 1589 1258 1695 ffiffim

132 1701 329 1781 praecepit'3
350 1703 406 1781 qui
418 1707 489 1782 post
502 1724 630 1778 annum,
648 1725 686 1764 ex
703 1724 765 1781 quo
783 1703 928 1764 abierunt
936 1705 955 1778 ³,
973 1703 1090 1767 reuersi

132 1804 231 1876 sunt3
267 1804 299 1862 et
313 1802 421 1862 Iustus
441 1802 568 1880 quidem
581 1803 620 1864 ad
639 1803 798 1863 ciuitatem
809 1802 903 1863 Hrofi
911 1805 930 1878 ⁴,
944 1803 994 1863 cui
1008 1823 1090 1880 prae

133 1901 248 1974 fuerat,
265 1900 358 1962 rediit
370 1923 377 1975 ;
398 1901 555 1961 Mellitum
569 1922 643 1962 uero
659 1901 896 1977 Lundonienses
909 1901 1090 1979 episcopum

133 1999 274 2075 recipere
286 2000 464 2076 noluerunt,
478 1999 634 2060 idolatris⁶
648 2001 749 2078 magis
759 2000 961 2077 pontificibus
974 2001 1090 2060 seruire

132 2098 317 2176 gaudentes
348 2097 419 2158 Non
436 2099 521 2158 enim
535 2102 624 2159 tanta
637 2101 701 2158 eret
716 2098 752 2174 ei,
767 2101 883 2176 quante
895 2097 977 2174 patri
990 2098 1090 2175 ipsius

132 2196 226 2274 regni
252 2199 397 2274 potestas,
428 2201 464 2276 ut
492 2197 586 2258 etiam
615 2197 794 2258 nolentibus
820 2217 855 2256 ac
883 2197 1090 2256 contradicen-

131 2295 223 2354 tibus
237 2295 366 2372 paganis
383 2296 559 2357 antistitem
576 2315 649 2356 suee
668 2298 771 2373 posset
785 2295 932 2356 ecclesiae
951 2296 1086 2355 reddere.

131 2393 365 2455 Uerumtamen
380 2393 447 2471 ipse
461 2415 533 2455 cum
548 2413 603 2454 sua
617 2397 718 2472 gente,
733 2414 847 2472 exque
861 2395 900 2454 ed
915 2393 1089 2454 Dominum

131 2511 307 2552 conuersus
320 2497 375 2568 est,
393 2492 509 2554 diuinis
523 2513 556 2553 se
570 2493 690 2554 studuit
711 2493 887 2570 mancipare
906 2493 1085 2571 praeceptis

130 2591 282 2668 Denique
314 2594 346 2650 et
380 2594 414 2652 in
449 2593 637 2652 monasterio
671 2592 844 2653 beatissimi
876 2592 1089 2669 apostolorum

129 2689 286 2766 principis
307 2688 467 2750 ecclesiam
489 2693 612 2751 sanctae
631 2691 691 2750 Dei
710 2691 876 2768 genetricis
896 2690 978 2766 fecit,
995 2709 1089 2768 quam

128 2787 327 2849 consecrauit
341 2788 588 2866 archiepiscopus
602 2788 749 2850 Mellitus

517 3017 609 3078 OAP.
632 3015 706 3078 VII.

130 3171 163 3216 Ut
175 3169 280 3214 ualidus
295 3169 533 3226 mtecopuafiammae
549 3171 654 3216 ardentis
664 3182 721 3216 neue
736 3169 841 3216 ciutwtts
851 3170 938 3215 orando
947 3169 1088 3218 redimeris

173 3283 250 3345 Hoc
264 3283 349 3346 enirn
367 3287 517 3362 regnante
537 3303 609 3362 rege
622 3283 731 3345 beatus
750 3283 998 3361 archiepiscopus
1012 3285 1088 3344 Lau·
1104 3299 1186 3344 naath
1198 3301 1227 3344 of

125 3383 257 3446 renuas
270 3402 401 3461 reguum
416 3381 544 3443 caeleste
557 3383 745 3458 conscendit,
762 3386 855 3460 atque
869 3382 901 3442 in
916 3382 1042 3443 ecclesia
1055 3386 1088 3443 et
1104 3359 1229 3476 ξῗῃῗῖζὶ,
1240 3436 1259 3476 2,

124 3482 325 3546 monasterio
344 3481 443 3542 sancti
464 3481 594 3559 apostoli
609 3481 695 3543 Petri
717 3481 805 3542 iuxta
820 3481 1088 3559 pmdecessorem⁶
1104 3480 1152 3534 ⁶¹⁹·

124 3601 228 3644 suum
250 3580 465 3658 Augrntinum
488 3580 627 3658 sepultus
650 3584 697 3640 est
722 3582 772 3641 die
792 3584 903 3657 quarto
925 3581 1087 3640 Nonarum

124 3679 391 3754 F'ebmariarum;
413 3681 587 3757 postquem
598 3677 745 3755 Mellitus,
762 3679 817 3756 qui
830 3682 895 3739 erat
906 3679 1089 3740 Lundoniae

162 3826 322 3878 'rettudit
371 3825 530 3892 ’praecipit
542 3826 587 3878 11¹.
598 3827 626 3878 O.
699 3827 850 3877 'obierant
861 3827 893 3876 B.
952 3827 1086 3877 ¹rhoflC,

121 3906 276 3958 briem.
367 3903 695 3970 ‘sioM.C.B¹;pre·B¹.
