2859 4334
349 234 415 300 372
648 234 806 301 Historia
827 234 1001 302 Attalum

349 406 491 485 exemeri.
535 407 595 469 Sed
612 411 643 468 et
656 409 778 471 abbatis
791 409 938 471 uomine¹
955 409 1114 488 graduque
1126 412 1291 485 assumpto,

349 507 434 567 idem
456 508 563 568 animo
585 507 659 586 qui¹
679 508 767 585 prius
787 509 934 569 manebat
953 508 992 569 ad
1013 528 1131 584 omnes,
1155 507 1242 567 iuxta
1262 506 1292 567 id

350 606 432 684 quod
464 607 592 683 quidam
620 608 743 685 sapiens
770 610 931 667 ammonet
958 608 1083 669 dicens:
1118 606 1293 667 ‘Rectorem
1307 616 1380 685 salu

348 708 380 765 te
402 706 640 782 constituerunt,
664 706 731 766 noli
753 706 869 781 extolli,
892 705 947 766 sed
969 708 1036 765 ceto
1058 705 1094 765 in
1115 704 1188 778 illia,
1211 686 1385 782 quasim‘

349 824 432 864 unus
452 825 488 865 ex
510 806 596 882 illis,’
616 806 712 880 mitis,
731 805 871 879 affabilis,
891 805 945 865 et³
965 804 1121 881 benignus
1141 804 1291 865 omnibus

349 903 392 963 Et
421 904 557 980 quidem,
588 905 644 965 ubi
676 907 868 981 oportunum
901 903 1107 980 conperiebat,
1136 906 1295 979 peccantes

349 1002 483 1079 regulari
510 1002 674 1079 disciplina
704 1002 880 1077 cohercens,
910 1002 965 1061 sed
993 1000 1093 1079 magis
1119 1004 1228 1061 tamen
1253 1000 1295 1061 in-

348 1101 453 1177 genita
476 1100 628 1179 diligendi
647 1100 873 1161 consuetudine
893 1099 1021 1160 sedulus
1041 1118 1235 1173 ammonens,
1257 1120 1294 1159 ne

347 1199 402 1275 qui
417 1218 541 1275 peccare
554 1199 658 1273 uellet,
675 1202 707 1259 et
722 1198 977 1277 limpidissimam
992 1198 1102 1258 uultus
1115 1198 1184 1260 eius
1196 1200 1294 1259 lucem

347 1297 456 1356 nubilo
470 1298 530 1357 sibi
543 1317 617 1358 suae
632 1296 862 1374 inquietudinis
882 1296 1079 1357 abscondere.
1124 1298 1224 1375 Saepe
1242 1318 1295 1374 pro

347 1396 492 1457 curandis
518 1396 698 1456 monasterii
726 1395 862 1473 negotiis
887 1394 1002 1455 alicubi
1030 1394 1216 1472 digrediens,
1244 1395 1294 1455 ubi

348 1497 509 1571 operantes
543 1494 666 1555 inuenit
700 1493 820 1568 fratres,
850 1492 969 1553 solebat
997 1494 1043 1553 eis
1070 1494 1237 1554 confestim
1263 1495 1293 1554 in

348 1612 439 1670 opere
460 1592 627 1670 coniungi3
657 1592 708 1652 uel
729 1592 822 1652 aratri
845 1610 986 1669 gressum
1008 1592 1110 1651 stiba⁴
1130 1593 1291 1670 regendo⁸,

347 1692 398 1751 uel
419 1691 535 1751 ferrum
557 1691 671 1751 malleo
692 1690 856 1765 domando,
876 1691 927 1750 uel
948 1690 1160 1751 uentilabrum
1180 1693 1294 1752 manu‘

347 1790 559 1866 concutiendo,
577 1788 630 1850 uel
647 1790 732 1850 aliud
750 1789 823 1866 quid
845 1788 907 1848 tale
924 1790 1068 1867 gerendo.
1112 1790 1191 1851 Erat
1211 1790 1293 1851 enim

347 1892 379 1948 et
407 1886 528 1948 uiribus
557 1887 648 1947 fortis
674 1887 806 1962 iuuenis,
829 1891 861 1948 et
888 1886 997 1964 lingua
1022 1888 1149 1964 suauis;
1182 1888 1237 1949 sed
1264 1892 1294 1949 et

345 1988 452 2048 animo
465 1988 582 2061 hilaris,
599 1992 631 2047 et
646 1987 795 2047 beneficio
811 1987 923 2065 largus,
940 1989 973 2047 et
990 1986 1141 2049 honestus
1158 1992 1291 2066 aspectu.
1403 2043 1404 2052 ,

344 2086 463 2147 Eodem
485 2107 548 2164 quo
569 2086 680 2147 fratres
702 2086 795 2146 ceteri
820 2086 896 2161 cibo,
922 2106 1046 2163 semper
1067 2088 1176 2147 eadem
1199 2107 1294 2147 ucsoe
1403 2063 1404 2136 i

343 2186 434 2246 batur
452 2186 488 2246 in
508 2187 609 2262 domo,
627 2188 695 2263 ipso
715 2206 777 2263 quo
797 2185 979 2263 priusquam
999 2184 1095 2245 abbas
1114 2189 1198 2246 esset
1217 2206 1293 2246 oom-

343 2285 434 2345 muni
457 2286 632 2346 dormiebat
654 2286 688 2345 in
710 2286 784 2361 loco,
807 2285 884 2365 adep
911 2286 948 2345 ut
975 2284 1071 2344 etiam
1098 2284 1211 2345 morbo
1234 2305 1293 2345 cor·

343 2387 457 2462 raptus,
484 2388 515 2445 et
536 2384 640 2445 obitus
662 2384 712 2445 sui
735 2386 828 2444 certis
849 2403 887 2443 ex
911 2383 1011 2461 signis
1037 2383 1101 2443 iam
1128 2385 1289 2461 praescius,
1402 2399 1403 2402 ’

343 2484 421 2543 duos
448 2484 548 2543 adhuc
576 2483 643 2543 dies
670 2482 704 2542 in
733 2480 925 2560 dorlmitorio
955 2482 1089 2542 fratrum
1112 2482 1289 2559 quiesceret.
1306 2490 1373 2538 aab

342 2582 424 2642 Nam
451 2582 590 2659 quinque
614 2582 751 2659 reliquos
775 2600 875 2659 usque
901 2580 941 2640 ad
968 2580 1072 2640 exitus
1092 2580 1204 2641 horam
1229 2581 1293 2642 dies

341 2679 375 2739 in
396 2680 551 2740 secretiori
571 2700 605 2741 se
625 2681 700 2741 aede
721 2679 861 2754 locabat;
885 2678 967 2755 qual
987 2678 1039 2739 die
1058 2680 1195 2756 quadam
1215 2700 1292 2757 egre

341 2778 437 2855 diens,
469 2781 501 2839 et
528 2779 586 2839 sub
614 2779 688 2840 diuo
716 2778 867 2847 residens,
887 2778 992 2839 accitis
1018 2779 1057 2839 ad
1086 2799 1120 2839 se
1146 2779 1291 2839 imbribus
1401 2795 1402 2802 ¹

341 2878 469 2953 cunctis,
492 2898 580 2938 more
600 2881 731 2939 naturae
751 2876 960 2937 misericordis
980 2877 1124 2937 osculum
1145 2878 1229 2955 pacis
1247 2877 1289 2937 eis

341 2974 499 3047 flentibus,
517 2994 552 3035 ac
566 2976 605 3035 de
618 2974 761 3035 abscessu
775 2974 856 3035 tanti
870 2974 969 3052 patris
983 2977 1016 3035 et
1027 2976 1162 3051 pastoria
1175 2994 1289 3035 merea·

342 3072 427 3132 tibus
451 3073 545 3133 dedit.
591 3074 676 3135 Obiit
699 3076 806 3135 autem
830 3092 886 3150 per
910 3093 1010 3134 nonas
1031 3073 1162 3134 Martias
1186 3076 1284 3146 noctu,

341 3171 489 3231 fiatribus
522 3172 695 3233 matutinae
729 3172 921 3249 psalmodiae
954 3172 1066 3233 laude⁸
1100 3172 1282 3234 uacauubua

340 3269 464 3345 Uiginti
478 3270 829 3331 11110rann0mmemt
843 3290 915 3331 cum
925 3271 1152 3332 monasterium
1162 3272 1281 3350 peteret,

341 3367 427 3428 ·XII·
442 3368 477 3428 in
497 3389 534 3430 eo
554 3368 636 3429 uixit
656 3369 757 3443 annis,
776 3372 897 3446 septem
918 3369 1146 3446 presbiteratu⁸
1165 3370 1284 3431 finctus

339 3466 653 3544 est¹⁰annis11110r
673 3486 711 3527 ex
732 3466 778 3527 eis
798 3468 980 3528 monasterii
1000 3468 1140 3546 regimen
1160 3468 1281 3547 agebat;

371 3651 380 3681 ¹
397 3653 799 3719 regiminen.112.1>.c.B.F.
861 3650 1278 3718 ’oodem...quon.11„1².c.

339 3731 413 3781 RF.
499 3732 614 3793 'colla
710 3730 1089 3792 *acusswnastiua
1174 3728 1277 3781 ’Μ

338 3811 494 3859 ‘manuum
504 3810 551 3871 11„
632 3808 742 3874 'quam
753 3818 785 3862 Δ.
875 3810 1020 3863 'laudi0.
1106 3806 1275 3875 ’amud-

339 3887 513 3938 ”mma
