2859 4334
334 245 399 308 322
603 238 762 306 Historia
783 239 1016 306 Ecclesiastico
1175 246 1241 313 [ιιι
1251 249 1285 299 v.

333 408 1282 489 Constantino,aomonoohuefaotus,adliminsapostolomm,

333 512 366 572 in
393 512 543 589 precibus,
574 512 706 587 ieiuniis,
737 515 769 572 et
796 510 980 588 elimosynis
1006 508 1171 586 usquead
1198 508 1285 567 diem

332 611 503 687 permansit
525 611 696 684 ultimum;
715 611 902 672 suooedente
921 609 957 669 in
978 628 1112 685 rognum
1131 606 1287 667 ceolredo

332 708 398 771 filio
425 708 586 770 Aedilredi
595 708 612 783 ¹,
644 710 699 787 qui
725 713 800 770 ante
828 710 934 786 ipsum
961 706 1170 769 coinredum*
1198 705 1285 765 idem

332 827 465 885 regnum
492 808 628 869 tenebat.
684 808 783 869 Uenit
809 811 916 869 autem
943 826 1016 867 eum
1045 806 1103 866 illo
1135 807 1167 864 et
1198 804 1287 865 filius

332 906 475 983 Sigheri³
508 906 589 984 regis
625 906 834 967 Orientalium
868 908 1038 980 Saxonum,
1069 904 1159 965 ouius
1189 922 1287 979 supra

330 1004 543 1079 meminimus,
582 1006 733 1066 uooubulo
772 1006 849 1081 Offa,
887 1005 1012 1066 iuuenis
1051 1003 1288 1064 amantissimae

330 1104 440 1163 soletis
460 1106 492 1163 et
511 1104 694 1178 uenustatis,
719 1104 863 1181 totaeque
882 1124 957 1164 suae
977 1103 1065 1179 genti
1084 1104 1123 1163 ad
1147 1102 1287 1161 tenenda

329 1202 542 1279 seruandaque
567 1202 655 1279 regni
678 1205 799 1279 seeptro
824 1201 1085 1278 exoptatissimus.
1128 1201 1190 1275 Qui
1213 1200 1286 1277 pari
1303 1211 1418 1256 mmm

330 1299 442 1359 duetus
476 1300 643 1361 deuotione
677 1286 804 1375 mentis,
842 1300 970 1377 reliquit
1004 1319 1144 1373 uxorem,
1179 1318 1283 1375 agros,
1303 1286 1388 1373 ’iffi'

329 1401 484 1473 cognatos,
516 1402 547 1458 et
575 1399 708 1475 patriam
736 1402 863 1477 propter
889 1398 1058 1472 Christum,
1090 1402 1122 1457 et
1157 1400 1287 1473 propter
1302 1403 1391 1496 211⁴

329 1495 537 1571 euangelium,
563 1498 655 1557 utin
677 1498 736 1557 hao
758 1497 824 1557 uita
850 1498 1035 1574 centuplum
1062 1496 1223 1573 acciperet,
1250 1498 1286 1555 et
1302 1486 1403 1565 ὶᾼι.

329 1588 363 1647 in
385 1590 507 1651 saeculo
530 1596 666 1653 uenturo
694 1593 796 1653 uitam
823 1596 993 1653 aeternam.
1038 1592 1081 1650 Et
1103 1590 1170 1667 ipse
1197 1609 1282 1665 ergo,

329 1686 383 1747 ubi
404 1689 443 1748 ad
462 1689 529 1748 looa
549 1693 656 1750 saneta
674 1692 809 1751 Romam
827 1692 1047 1768 peruenerunt,
1071 1690 1231 1760 adtonsis,
1251 1692 1284 1747 et

329 1785 363 1845 in
391 1788 573 1849 monaehioo
602 1788 701 1849 uitam
729 1789 839 1850 habitu
870 1790 1028 1866 oonpleus,
1058 1788 1098 1848 ad
1126 1787 1285 1847 uisionem

328 1884 488 1946 beatorum
509 1888 721 1964 apostolorum
741 1888 776 1947 in
797 1888 891 1949 caelis
911 1888 966 1948 diu
988 1886 1195 1946 desideratam
1216 1905 1285 1963 per·

328 1984 425 2044 uenit.

368 2083 487 2143 Eodem
515 2104 590 2144 sone
616 2066 708 2157 aimo,
740 2106 802 2163 quo
829 2086 865 2145 hi
892 2083 1082 2145 Brittaniam
1114 2083 1279 2160 reliquere,

183 2230 205 2261 n.
326 2182 460 2242 antistes
479 2183 613 2243 eximius
634 2183 752 2245 Uilfrid
771 2186 842 2261 poet
862 2185 925 2244 XL
945 2187 977 2243 et
997 2184 1028 2243 V
1048 2201 1143 2244 oenoe
1160 2181 1282 2258 aooepti
1300 2189 1396 2234 mure<

325 2283 504 2355 episcopatus
523 2282 608 2342 diem
629 2282 741 2343 elausit
760 2285 937 2343 extremum
957 2283 993 2341 in
1013 2280 1182 2359 prouincia,
1200 2300 1283 2357 qm
1299 2264 1336 2295 ἀ
1352 2261 1417 2304 ²⁴⁴³

326 2381 453 2439 uocatur
479 2381 688 2454 Immotum
718 2400 881 2459 mensaque
908 2382 977 2441 eius
1003 2380 1105 2442 loculo
1128 2380 1280 2455 inditum,
1415 2373 1416 2452 l

325 2476 479 2553 perlatum
497 2482 544 2539 est
562 2478 597 2538 in
615 2480 842 2540 monasterium
860 2479 967 2557 ipsius,
985 2480 1068 2557 quod
1088 2479 1203 2539 dieitur
1223 2480 1282 2539 In·

324 2576 459 2650 limeum,
483 2579 515 2636 et
537 2576 624 2637 iuxta
647 2578 800 2638 honorem
827 2580 916 2638 tanto
939 2577 1083 2654 pontifici
1104 2597 1281 2654 congruum

325 2672 359 2731 in
383 2673 510 2734 eeclesia
534 2674 616 2734 beati
639 2678 762 2750 apostoli
783 2678 863 2736 Petri
886 2677 1055 2753 sepultum.
1101 2677 1149 2736 De
1168 2678 1282 2737 ouius‘

325 2774 408 2831 statu
424 2772 514 2846 uitae,
532 2776 568 2833 ut
587 2772 625 2832 ad
646 2774 748 2850 priore
765 2775 957 2851 repedantes
974 2776 1089 2851 paucis.
1106 2780 1280 2851 quaesunt

153 2885 307 2939 ssoryofhis
324 2872 418 2947 gesta,
441 2889 659 2945 memoremus,
680 2891 747 2933 eam
765 2879 836 2935 esset
849 2892 930 2948 puer
945 2876 1035 2933 bonae
1050 2875 1166 2947 indolis,
1182 2878 1282 2950 atque
1298 2887 1333 2931 ib.
1345 2902 1367 2931 e.
1381 2904 1397 2929 ι

153 2946 202 2989 iiie.

323 2970 457 3027 aetatem
479 2970 619 3031 moribus
641 2971 804 3046 transiens,
821 2972 865 3031 ita
883 2992 916 3032 ee
937 2973 1078 3032 modeste
1099 2977 1131 3032 et
1150 2973 1282 3033 cimina·

326 3070 429 3142 specte
457 3068 492 3126 in
520 3068 667 3127 omnibus
694 3074 822 3146 gereret,
854 3074 891 3131 ut
918 3071 1031 3130 merito
1057 3090 1077 3131 a
1107 3070 1283 3132 maioribus

324 3164 412 3241 quasi
434 3184 516 3225 unus
537 3185 573 3225 ex
596 3166 671 3242 ipsis
691 3172 858 3243 amaretur,
883 3171 1091 3243 ueneraretur‚
1115 3170 1283 3246 amplecte

325 3267 419 3336 retur,
432 3263 487 3322 ubi
498 3266 614 3324 XIIII
615 3276 654 3307 '¹¹¹¹
665 3267 776 3327 aetatis
790 3267 923 3344 contigit
933 3287 1060 3340 annum,
1071 3268 1281 3329 monasticam

323 3361 596 3423 saeculari⁶uitun
607 3365 763 3440 praetulit.
798 3365 887 3440 Quod
897 3366 952 3425 ubi
965 3365 1278 3442 petrisuonarrauit,

324 3460 386 3518 iam
410 3460 495 3519 enim
520 3464 619 3520 meter
640 3462 767 3536 obierat,
791 3463 928 3523 libenter
946 3464 1014 3524 eius
1038 3464 1122 3524 uotis
1141 3484 1176 3523 eo
1199 3464 1282 3525 desi·

293 3620 295 3625 ,
325 3557 439 3617 deriis⁸
463 3559 646 3621 caelestibus
673 3561 793 3637 adnuit,
826 3582 962 3639 eumque
986 3564 1105 3639 coeptis
1131 3562 1282 3625 insistere

357 3738 365 3765 ¹
383 3740 447 3787 edil·
461 3740 484 3787 N
495 3756 501 3800 ;
518 3741 597 3789 aedil·
610 3742 638 3790 C.
747 3740 756 3769 ²
773 3746 864 3791 oonia-
876 3745 900 3794 N
912 3760 918 3803 ;
935 3760 1011 3793 eoen-
1025 3745 1055 3794 C.
1168 3744 1179 3772 ²
1194 3760 1236 3793 -re
1247 3747 1280 3795 C.

325 3814 333 3843 ⁶
350 3818 426 3864 euiue
435 3822 510 3866 added
520 3834 550 3867 on
561 3824 656 3877 marein
668 3818 704 3870 li.
778 3822 789 3851 ⁸
804 3822 936 3884 singulari
947 3820 977 3872 0¹
990 3838 998 3883 3
1014 3822 1097 3873 idest
1107 3822 1220 3871 seculari
1235 3824 1278 3873 0².

324 3894 334 3921 ⁶
351 3894 436 3941 ·ribus
448 3895 482 3944 Μ.
