2859 4334
356 190 421 255 eoa
624 188 785 255 emsa
805 187 1034 255 senonice
1198 196 1285 264 [nv.
1392 163 1393 166 ‘

355 361 516 441 spiritibus
537 362 711 432 hominum,
730 362 785 440 qui
805 362 905 423 instar
925 360 1106 423 fauillamm
1127 381 1199 422 cum
1216 362 1286 423 fumo

355 461 598 536 ascendentium,
615 481 700 522 nunc
721 462 760 522 ad
782 460 966 521 sublimiora
984 460 1202 538 proicerentur,
1218 480 1284 520 nunc
1392 470 1394 540 ,

357 560 497 620 retractis
510 559 631 637 ignium
644 559 811 636 uaporibus
824 559 1056 620 relaberentur¹
1071 560 1106 618 in
1121 558 1282 636 prounde.
1392 543 1393 618 l

358 658 418 719 Sed
449 660 481 718 st
512 658 592 718 fetor
623 658 864 735 inconparabilis
891 678 964 717 cum
993 657 1111 717 eisdem
1139 656 1284 734 uaporibus
1392 659 1393 662 ’

357 757 509 817 ebulliens
529 757 636 819 omnia
658 757 714 818 illa
737 756 937 817 tenebrarum
958 754 1027 815 loca
1052 755 1191 833 replebat
1198 754 1217 816 ¹.
1254 755 1285 815 at
1392 753 1393 756 ’

356 876 428 915 eum
442 856 561 917 diutius
581 855 624 916 ibi
645 855 779 933 pauidus
800 854 1009 929 consisterem,
1027 858 1137 931 utpote
1157 855 1283 927 incertis

356 956 432 1032 quid
457 974 591 1033 agerem,
615 974 677 1032 quo
704 956 861 1017 uerterem
885 973 1035 1031 gressum,
1069 953 1126 1030 qui
1153 973 1204 1013 me
1230 951 1286 1012 linis

355 1056 495 1114 maneret
507 1076 514 1129 ;
533 1051 537 1131 l
556 1053 647 1114 audio
661 1053 803 1113 subitum
816 1055 887 1129 post
902 1055 987 1129 terga
1000 1054 1141 1112 sonitum
1159 1051 1287 1112 inmanis
1295 1060 1307 1103 t
1315 1059 1365 1101 aar*
1392 1069 1393 1072 ¹

354 1153 427 1212 simi
449 1153 541 1212 fletus
565 1171 601 1212 ac
622 1150 800 1224 miserrimi,
827 1151 924 1211 simul
946 1153 979 1211 et
1001 1150 1191 1210 cachinnum
1211 1149 1287 1227 eropi

354 1254 475 1312 tantem
488 1250 577 1328 quasi
592 1250 679 1328 uulgi
693 1250 809 1310 indocti
831 1249 931 1325 captis
950 1249 1095 1309 hostibus
1111 1248 1284 1309 insultantis
1392 1291 1393 1314 r

355 1350 400 1410 Ut
417 1352 522 1410 autem
541 1349 663 1409 sonitus
685 1349 770 1408 idem
788 1348 899 1407 clarior
920 1348 1061 1409 redditus
1080 1348 1119 1408 ad
1138 1368 1190 1407 me
1206 1367 1286 1424 usque
1392 1383 1393 1434 ἦ

353 1450 504 1526 peruenit,
536 1448 696 1508 considero
728 1449 852 1508 turbam
884 1446 1095 1524 malignorum
1125 1446 1284 1523 spirituum
1392 1441 1393 1464 ¹

353 1566 432 1623 quae
453 1548 593 1625 quinque
614 1547 736 1607 animas
755 1546 923 1606 hominum
942 1548 1100 1605 merentes
1119 1544 1287 1605 heiulantes

352 1637 420 1723 uus,
434 1646 501 1722 ipsa
515 1646 654 1705 multum
672 1646 816 1706 exultans
835 1648 867 1705 et
885 1644 1084 1719 cachinnans,
1102 1644 1219 1704 medias
1231 1642 1288 1701 illas

352 1745 493 1805 trahebat
517 1745 551 1805 in
573 1745 738 1820 tenebras3
762 1765 779 1804 e
804 1743 919 1822 quibus
941 1743 1089 1804 uidelicet
1113 1742 1284 1811 hominibus

351 1846 388 1903 ut
408 1844 567 1904 dinoscere
588 1842 685 1921 potui,
702 1842 831 1920 quidam
850 1844 916 1902 erat
934 1842 1086 1903 adtonsus
1106 1845 1143 1901 ut
1164 1841 1285 1911 clericus,
1392 1881 1393 1892 ,

351 1942 478 2019 quidam
492 1942 597 2016 laicus,
615 1942 767 2019 quaedam
781 1940 906 2002 femina
948 1940 1122 2000 Trahsntes
1132 1944 1232 2001 sutem
1244 1957 1287 1998 sos

350 2041 482 2118 maligni
495 2040 624 2118 spiritus
639 2040 866 2100 descenderunt
879 2040 913 2099 iu
926 2039 1069 2099 medium
1081 2038 1198 2099 baratri
1213 2038 1287 2098 illius

350 2140 509 2214 ardentis;
531 2139 710 2217 factumque
729 2141 785 2213 est,
802 2140 838 2197 ut
856 2158 928 2198 cum
949 2136 1075 2214 longius
1094 2136 1286 2198 subeuntibus

350 2238 402 2313 eis,
430 2239 540 2298 fletum
569 2237 736 2298 hominum
763 2240 796 2297 et
823 2236 923 2296 risum
950 2236 1187 2297 daemoniorum
1215 2236 1284 2296 clare
1392 2219 1393 2240 ³

350 2338 523 2398 discernere
537 2336 707 2413 nequirem,
724 2355 838 2395 sonum
851 2338 957 2395 tamen
971 2336 1073 2396 adhuc
1087 2336 1285 2414 promiscuum
1392 2339 1393 2344 ’

349 2437 383 2496 in
413 2436 540 2496 auribus
573 2435 727 2495 haberem.
785 2434 911 2493 Interea
938 2435 1146 2496 ascenderunt
1172 2432 1287 2512 quidam

349 2534 517 2612 spirituum
538 2534 739 2594 obscurorum
759 2534 799 2593 de
819 2533 930 2609 abysso
950 2532 1006 2592 illa
1023 2534 1241 2603 flammicoma
1258 2532 1286 2589 et
1392 2553 1393 2570 i

348 2633 549 2693 adcurrentes
572 2632 845 2693 circumdederunt
872 2652 931 2707 me,
961 2633 1057 2708 atque
1085 2633 1183 2693 oculis
1208 2630 1286 2691 flam·

349 2731 515 2806 mantibus
530 2735 561 2791 st
578 2731 617 2791 de
630 2750 683 2791 ore
696 2750 732 2789 ac
746 2730 875 2790 naribus
888 2730 995 2807 iguem
1005 2732 1154 2806 putidum
1161 2729 1287 2791 efflantes

346 2830 522 2907 augebant;
543 2828 712 2906 forcipibus
727 2848 850 2907 quoque
870 2827 978 2905 igneis,
996 2848 1075 2905 quos
1094 2830 1239 2889 tenebant
1256 2826 1285 2884 in

347 2928 502 3001 manibus,
519 2927 747 2988 minitabantur
766 2946 817 2987 me
835 2927 1095 3003 conprehendere,
1113 2948 1170 2987 nec
1189 2931 1285 2987 tamen

347 3046 398 3086 me
412 3026 571 3087 ullatenus
585 3027 772 3105 contingere,
783 3025 910 3086 tametsi
921 3028 1037 3085 terrere
1046 3025 1283 3103 praesumebant.

347 3125 407 3200 Qui
431 3144 503 3185 cum
526 3125 794 3203 undiqueuersum
821 3124 965 3184 hostibus
989 3126 1022 3184 et
1046 3126 1191 3184 caecitate
1212 3126 1286 3182 tenc

345 3223 471 3283 brarum
493 3224 664 3298 conclusus,
685 3225 748 3284 huc
768 3223 906 3300 illucque
926 3222 1033 3284 oculos
1053 3223 1283 3288 circumferrem,

346 3321 372 3381 si
386 3322 468 3382 forte
488 3322 631 3383 alicunde
652 3322 726 3399 quid
745 3321 943 3398 auxiliique
962 3321 1107 3395 saluarer,
1124 3319 1282 3384 adueniret»

344 3421 489 3497 apparuit
512 3425 595 3481 retro
618 3421 676 3496 uia,
694 3442 756 3498 qua
777 3439 933 3495 ueneram,
955 3420 1043 3497 quasi
1063 3420 1168 3498 fulgor
1185 3416 1284 3479 stellae

345 3518 508 3579 micantis³
522 3520 606 3579 inter
620 3520 772 3595 tenebras,
789 3519 845 3597 qui
862 3518 1016 3596 paulatim
1035 3538 1184 3593 crescens,
1200 3520 1229 3576 et
1246 3512 1282 3573 ad

376 3700 384 3728 ¹
402 3702 432 3748 in
444 3700 576 3762 profunda
588 3737 595 3750 .
607 3738 613 3751 .
627 3738 633 3750 .
646 3700 767 3762 replebat
778 3716 824 3749 orn.
833 3698 961 3751 c.W¹.D.
972 3700 1017 3749 dac.
1058 3698 1069 3727 ²
1085 3701 1130 3750 ·do
1140 3700 1184 3760 H„
1218 3696 1227 3725 ¹
1241 3698 1284 3742 ΡΜ

343 3782 389 3827 ebir
406 3781 519 3836 westfaal
535 3782 611 3838 imaue
627 3782 701 3827 which
717 3782 740 3826 ie
751 3783 787 3826 ue
802 3781 901 3837 reddire
910 3782 939 3837 os
950 3782 983 3827 aa
993 3783 1029 3826 tte
1040 3779 1115 3829 MSS.
1127 3781 1196 3827 which
1205 3778 1218 3824 1
1228 3778 1281 3821 aare

342 3860 471 3919 nomime,
483 3862 518 3905 the
528 3861 578 3907 cdd.
591 3860 640 3917 9³¹oe
650 3862 686 3905 ihc
696 3860 811 3917 definitely
816 3873 898 3917 poorer
907 3858 1033 3907 meantis.
