2859 4334
461 274 506 336 De
530 271 633 337 obito
655 271 792 335 Boedae.
1057 263 1123 329 clxi

122 440 280 519 itemque¹
302 448 408 505 autem
428 445 581 523 euigilana
601 444 709 505 atatim
731 444 878 503 consueta
901 439 1122 515 seripturarum

122 542 339 602 modulamina
349 544 535 617 ruminabat,
549 543 762 619 errteneieque²
773 540 918 601 manibus
928 538 994 598 Deo
1008 535 1124 613 gratias

119 658 215 715 agere
236 660 300 701 non
320 645 369 701 eet
389 642 505 702 oblitus
513 642 532 701 ³.
577 641 659 702 Uere
677 640 776 700 fateor
795 638 868 716 quia
887 636 1046 697 neminem
1069 654 1122 693 un·

121 758 221 813 quam
244 739 342 799 alium
365 740 465 800 oeulis
490 740 571 799 meis
593 739 659 799 uidi
684 759 741 798 neo
765 737 892 798 auribus
915 734 1029 809 audiui,
1056 736 1122 792 tam

120 836 294 914 diligenter
310 838 427 915 graciae
443 839 509 898 Deo
528 838 601 898 uiuo
619 838 735 897 referre
743 838 761 897 ⁴.
807 837 920 898 Ouere
933 834 1042 893 beatus
1055 832 1122 892 uir!

120 935 255 995 canebat
281 938 406 997 nutem⁵
437 936 629 997 sentenciam
657 935 775 996 sancti⁶
803 932 894 994 Pauli
921 930 1053 1009 apostoli
1081 930 1123 989 di·

121 1033 226 1094 oentia
245 1034 452 1095 ‘horrendum
470 1038 519 1095 oet
538 1035 676 1095 incidere
695 1035 731 1093 in
753 1050 866 1093 manue
887 1031 944 1091 Dei
965 1028 1122 1101 uiuentis‚'
1136 1046 1211 1092 near.
1224 1058 1246 1089 x.
1260 1060 1289 1099 μ.

120 1136 156 1190 et
174 1132 277 1193 multa
293 1133 354 1193 alia
368 1133 407 1194 de
420 1137 526 1194 saneta
539 1134 699 1211 scriptura,
716 1132 751 1191 in
766 1130 880 1210 quibua
898 1148 956 1190 noe
974 1149 992 1188 a
1010 1146 1122 1189 somno

120 1229 246 1289 animae
257 1250 422 1307 exsurgere
435 1230 651 1309 preoogitando
665 1230 812 1289 ultimam
822 1228 931 1288 horam
942 1225 1122 1297 amonebet;

120 1331 154 1386 et
172 1327 208 1387 in
224 1332 332 1389 nostra
346 1349 469 1407 quoque
481 1330 598 1407 lingua,
616 1332 651 1389 nt
666 1331 732 1389 erat
746 1329 855 1388 doetus
874 1327 908 1386 in
927 1323 1043 1385 nostris
1061 1343 1121 1383 oar-

120 1426 271 1501 minibua,
288 1428 395 1488 dieona
409 1428 448 1488 de
461 1428 594 1488 terribili
609 1428 692 1487 exitu
707 1427 884 1487 animarum
898 1444 916 1485 e
929 1443 1074 1502 corpore:

245 1554 325 1613 Fore
344 1555 419 1616 then
439 1555 612 1616 neidlaerao
633 1556 748 1632 naenig
767 1553 924 1614 uiumthit

246 1652 343 1713 thone
364 1656 522 1714 enotturra
542 1654 619 1713 than
640 1654 709 1713 him
730 1653 817 1713 thari
834 1654 879 1713 aie

246 1752 279 1811 to
298 1752 375 1829 ymb
396 1753 597 1831 hyoggannae
617 1772 670 1812 aer
691 1753 741 1813 his
761 1752 818 1811 hin
839 1752 949 1828 longae

246 1849 340 1909 huaet
360 1850 411 1911 hie
431 1855 534 1928 gastae
555 1852 669 1927 godaee
689 1852 818 1911 noththa
837 1850 958 1929 yflaee*

244 1950 342 2009 aefter
361 1950 550 2028 deothdaege
572 1950 696 2011 doemid
719 1950 895 2011 uueorthae.

119 2071 212 2147 Quod
235 2071 280 2131 ita
299 2072 410 2133 Latine
430 2078 540 2136 sonat:
571 2077 661 2135 ‘ante
681 2074 888 2136 neceesarium
909 2073 1028 2133 exitum
1049 2094 1120 2150 pru·

118 2170 247 2231 (lentior
269 2191 363 2249 quam
388 2191 467 2249 opus
490 2173 585 2233 fuerit
609 2194 702 2234 nemo
724 2172 837 2245 existit,
860 2172 900 2232 ad
922 2172 1121 2249 cogitandum

120 2269 277 2345 uidelioet
299 2272 466 2348 antequam
484 2272 560 2331 hinc
580 2273 792 2350 proficiscatur
813 2272 926 2346 anima,
950 2272 1023 2349 quid
1047 2271 1122 2331 boni

119 2368 175 2427 uel
198 2368 276 2428 mali
297 2370 404 2446 egerit,
428 2370 561 2448 qualiter
583 2374 655 2448 poet
676 2371 797 2431 exitum
818 2370 984 2431 iudicanda
1008 2369 1121 2430 fuerit?

120 2466 275 2527 Cantabat
293 2467 388 2528 etiam
406 2469 595 2546 antiphonae
613 2470 653 2529 ob
672 2472 812 2530 nostram
829 2468 1074 2529 consolationem
1090 2474 1121 2527 et

119 2566 240 2639 ω’,
250 2586 384 2643 quarum
394 2587 457 2627 nna
466 2571 533 2630 eat:
551 2569 658 2628 ‘Orex
670 2568 794 2645 gloriae,
807 2568 942 2628 Domine
952 2568 1118 2642 uirtutum,

119 2663 177 2739 qui
197 2664 407 2741 triumphator
427 2665 520 2727 hodie
540 2686 634 2743 auper
654 2686 764 2727 omnes
784 2665 866 2727 celos
886 2666 1058 2741 ascendisti,
1081 2687 1121 2727 ne

118 2761 319 2840 derelinquas
337 2784 395 2823 nos
413 2765 577 2842 orphanos,
594 2767 648 2825 aed
662 2766 755 2826 mitte
768 2766 956 2842 promissum
971 2766 1073 2825 Patria
1087 2765 1120 2824 in

117 2880 188 2933 noa,
202 2860 354 2937 Spiritum
365 2864 505 2924 ueritatis
513 2864 530 2924 ⁸.
561 2864 721 2924 Alleluia'
756 2864 1003 2924 Cum’ueniaset
1016 2866 1119 2923 autem

117 2960 158 3019 ad
174 2958 253 3018 illud
268 2961 408 3035 uerbum,
430 2963 487 3021 ‘ne
504 2962 702 3040 derelinquas
717 2982 775 3023 noe
789 2963 965 3039 orphanoef
979 2962 1119 3039 prorupit

117 3058 153 3117 in
180 3056 322 3119 lacrimae
349 3063 381 3120 et
404 3060 544 3121 multum
568 3060 663 3121 flebat
671 3060 700 3121 ¹⁰.
746 3061 788 3121 Et
812 3066 881 3138 post
906 3062 1017 3122 horam
1039 3060 1121 3137 oepit

116 3162 258 3234 repetere
280 3178 359 3236 quae
381 3159 567 3221 inooauerat.
612 3160 654 3220 Et
675 3160 720 3219 aie
742 3162 807 3221 tota
828 3160 878 3220 die
900 3160 1030 3221 iaciebat
1039 3157 1067 3233 ¹¹,
1089 3164 1120 3219 et

117 3274 178 3315 noe
189 3254 317 3333 quidem
327 3255 348 3287 ¹²
361 3258 523 3319 audientes
544 3258 619 3318 haee
628 3260 649 3291 ¹³
663 3258 803 3319 luximus
817 3278 890 3319 oum
904 3258 967 3332 illo,
985 3261 1017 3318 et
1036 3258 1120 3317 fleui-

117 3356 222 3414 mua¹⁶
234 3376 243 3429 ;
273 3354 370 3416 altera
396 3356 465 3417 uice
485 3357 628 3433 legimus,
648 3356 744 3417 altera
767 3357 967 3434 plorauimus,
990 3356 1119 3416 immo*

150 3523 298 3586 'itemque
308 3526 427 3575 mnedd.
578 3524 732 3575 ⁸consueta
743 3528 872 3589 repetiuit
882 3530 910 3576 ot
921 3527 1046 3588 expansis
1057 3526 1117 3575 edd.

116 3602 385 3652 ’nonrenuitodn
473 3605 729 3655 ‘uere...referre
740 3604 858 3654 om.edd.
944 3605 1060 3655 mutem
1072 3620 1117 3653 οηι.

115 3680 180 3729 edd.
255 3682 352 3731 ‘beati
365 3682 426 3731 edd.
507 3681 648 3732 'euiedtl
729 3682 887 3747 'orphanos
898 3698 982 3745 usqua
993 3684 1118 3732 ueritatis

117 3758 175 3807 ns,
250 3758 378 3809 ’etcum
387 3766 593 3821 mattinoautom
605 3761 667 3810 odd.
746 3760 764 3791 ¹⁰
780 3761 928 3811 floultadd.
1006 3760 1022 3789 ¹¹
1040 3764 1116 3811 ateio

114 3838 421 3889 ...aeabatmdn
510 3837 529 3867 ¹¹
544 3840 655 3902 quidem
666 3856 710 3890 om.
724 3840 783 3889 edd.
869 3840 888 3869 ¹³
906 3840 1116 3889 meorunedd.

114 3916 133 3945 ¹⁴
149 3922 178 3964 ot
189 3916 317 3965 nouimus
326 3934 373 3966 om.
384 3918 446 3967 edd.
513 3918 533 3947 ¹⁵
550 3920 633 3968 immo
644 3934 750 3982 semper
760 3917 822 3969 edd.
