<?xml version="1.0" encoding="UTF-8"?>
<!DOCTYPE html PUBLIC "-//W3C//DTD XHTML 1.0 Transitional//EN"
    "http://www.w3.org/TR/xhtml1/DTD/xhtml1-transitional.dtd">
<html xmlns="http://www.w3.org/1999/xhtml" xml:lang="en" lang="en">
 <head>
  <title>
</title>
<meta http-equiv="Content-Type" content="text/html;charset=utf-8" />
  <meta name='ocr-system' content='tesseract 3.04.00' />
  <meta name='ocr-capabilities' content='ocr_page ocr_carea ocr_par ocr_line ocrx_word'/>
</head>
<body>
  <div class='ocr_page' id='page_1' title='image "./venerabilisbaed03plumgoog_0470.png"; bbox 0 0 2859 4334; ppageno 0'>
   <div class='ocr_carea' id='block_1_1' title="bbox 336 277 1278 352">
    <p class='ocr_par' dir='ltr' id='par_1_1' title="bbox 336 277 1278 352">
     <span class='ocr_line' id='line_1_1' title="bbox 336 277 1278 352; baseline -0.004 -10"><span class='ocrx_word' id='word_1_1' title='bbox 336 277 400 342; x_wconf 82' lang='grc'><strong>278</strong></span> <span class='ocrx_word' id='word_1_2' title='bbox 610 278 767 344; x_wconf 74' lang='lat' dir='ltr'><strong>Historia</strong></span> <span class='ocrx_word' id='word_1_3' title='bbox 789 277 1021 344; x_wconf 74' lang='lat' dir='ltr'><strong>Ecclesiaata&#39;aen</strong></span> <span class='ocrx_word' id='word_1_4' title='bbox 1164 287 1228 352; x_wconf 76' lang='lat' dir='ltr'><strong>[an.</strong></span> <span class='ocrx_word' id='word_1_5' title='bbox 1240 289 1278 339; x_wconf 70' lang='lat' dir='ltr'><strong>lv.</strong></span> 
     </span>
    </p>
   </div>
   <div class='ocr_carea' id='block_1_2' title="bbox 628 540 1028 627">
    <p class='ocr_par' dir='ltr' id='par_1_2' title="bbox 628 540 1028 627">
     <span class='ocr_line' id='line_1_2' title="bbox 628 540 1028 627; baseline 0.003 -22"><span class='ocrx_word' id='word_1_6' title='bbox 628 545 720 606; x_wconf 74' lang='lat' dir='ltr'><strong>ona.</strong></span> <span class='ocrx_word' id='word_1_7' title='bbox 744 545 858 606; x_wconf 82' lang='lat' dir='ltr'><strong>xxrx</strong></span> <span class='ocrx_word' id='word_1_8' title='bbox 877 540 1028 627; x_wconf 73' lang='lat' dir='ltr'><strong>[mn</strong></span> 
     </span>
    </p>
   </div>
   <div class='ocr_carea' id='block_1_3' title="bbox 464 707 1163 768">
    <p class='ocr_par' dir='ltr' id='par_1_3' title="bbox 464 707 1163 768">
     <span class='ocr_line' id='line_1_3' title="bbox 464 707 1163 768; baseline 0 -10"><span class='ocrx_word' id='word_1_9' title='bbox 464 713 492 758; x_wconf 79' lang='lat' dir='ltr'><strong>Ut</strong></span> <span class='ocrx_word' id='word_1_10' title='bbox 502 707 615 768; x_wconf 59' lang='lat' dir='ltr'><strong>quadanss</strong></span> <span class='ocrx_word' id='word_1_11' title='bbox 627 715 660 758; x_wconf 81' lang='lat' dir='ltr'><strong>ad</strong></span> <span class='ocrx_word' id='word_1_12' title='bbox 673 714 778 758; x_wconf 81' lang='lat' dir='ltr'><strong>tumbam</strong></span> <span class='ocrx_word' id='word_1_13' title='bbox 788 714 840 758; x_wconf 78' lang='lat' dir='ltr'><strong>aiae</strong></span> <span class='ocrx_word' id='word_1_14' title='bbox 851 716 883 758; x_wconf 79' lang='lat' dir='ltr'><strong>ait</strong></span> <span class='ocrx_word' id='word_1_15' title='bbox 893 727 910 758; x_wconf 85' lang='lat' dir='ltr'><strong>a</strong></span> <span class='ocrx_word' id='word_1_16' title='bbox 917 715 1026 768; x_wconf 68' lang='lat' dir='ltr'><strong>paralyse·</strong></span> <span class='ocrx_word' id='word_1_17' title='bbox 1037 716 1138 759; x_wconf 74' lang='lat' dir='ltr'><strong>sanatae</strong></span> <span class='ocrx_word' id='word_1_18' title='bbox 1145 708 1163 758; x_wconf 90' lang='lat'><strong>¹.</strong></span> 
     </span>
    </p>
   </div>
   <div class='ocr_carea' id='block_1_4' title="bbox 336 870 1282 1146">
    <p class='ocr_par' dir='ltr' id='par_1_4' title="bbox 336 870 1282 1146">
     <span class='ocr_line' id='line_1_4' title="bbox 376 870 1281 949; baseline 0 -19"><span class='ocrx_word' id='word_1_19' title='bbox 376 871 466 930; x_wconf 78' lang='lat' dir='ltr'><strong>Esar</strong></span> <span class='ocrx_word' id='word_1_20' title='bbox 486 872 520 930; x_wconf 91' lang='lat' dir='ltr'><strong>in</strong></span> <span class='ocrx_word' id='word_1_21' title='bbox 540 871 650 931; x_wconf 87' lang='lat' dir='ltr'><strong>eodem</strong></span> <span class='ocrx_word' id='word_1_22' title='bbox 670 872 860 932; x_wconf 86' lang='lat' dir='ltr'><strong>monasterio</strong></span> <span class='ocrx_word' id='word_1_23' title='bbox 884 872 980 932; x_wconf 82' lang='lat' dir='ltr'><strong>frater</strong></span> <span class='ocrx_word' id='word_1_24' title='bbox 998 872 1134 949; x_wconf 87' lang='lat' dir='ltr'><strong>qnidam,</strong></span> <span class='ocrx_word' id='word_1_25' title='bbox 1159 870 1281 930; x_wconf 89' lang='lat' dir='ltr'><strong>nomine</strong></span> 
     </span>
     <span class='ocr_line' id='line_1_5' title="bbox 336 968 1282 1056; baseline -0.002 -26"><span class='ocrx_word' id='word_1_26' title='bbox 336 969 535 1047; x_wconf 75' lang='lat' dir='ltr'><strong>Badudegn⁸,</strong></span> <span class='ocrx_word' id='word_1_27' title='bbox 549 974 698 1056; x_wconf 28' lang='lat' dir='ltr'><strong>&#39;tempore</strong></span> <span class='ocrx_word' id='word_1_28' title='bbox 721 989 785 1030; x_wconf 92' lang='lat' dir='ltr'><strong>non</strong></span> <span class='ocrx_word' id='word_1_29' title='bbox 812 990 909 1047; x_wconf 84' lang='lat' dir='ltr'><strong>pauco</strong></span> <span class='ocrx_word' id='word_1_30' title='bbox 931 970 1092 1046; x_wconf 89' lang='lat' dir='ltr'><strong>hospitum</strong></span> <span class='ocrx_word' id='word_1_31' title='bbox 1113 968 1282 1030; x_wconf 86' lang='lat' dir='ltr'><strong>ministerio</strong></span> 
     </span>
     <span class='ocr_line' id='line_1_6' title="bbox 336 1068 1281 1146; baseline -0.004 -16"><span class='ocrx_word' id='word_1_32' title='bbox 336 1069 522 1142; x_wconf 84' lang='lat' dir='ltr'><strong>deseruiens,</strong></span> <span class='ocrx_word' id='word_1_33' title='bbox 554 1068 608 1145; x_wconf 91' lang='lat' dir='ltr'><strong>qni</strong></span> <span class='ocrx_word' id='word_1_34' title='bbox 642 1088 727 1128; x_wconf 88' lang='lat' dir='ltr'><strong>nuno</strong></span> <span class='ocrx_word' id='word_1_35' title='bbox 762 1089 860 1146; x_wconf 88' lang='lat' dir='ltr'><strong>usque</strong></span> <span class='ocrx_word' id='word_1_36' title='bbox 890 1072 1040 1145; x_wconf 77' lang='lat' dir='ltr'>superest,</span> <span class='ocrx_word' id='word_1_37' title='bbox 1071 1068 1281 1128; x_wconf 87' lang='lat' dir='ltr'><strong>testimonium</strong></span> 
     </span>
    </p>
   </div>
   <div class='ocr_carea' id='block_1_5' title="bbox 336 1162 1394 1245">
    <p class='ocr_par' dir='ltr' id='par_1_5' title="bbox 336 1162 1394 1245">
     <span class='ocr_line' id='line_1_7' title="bbox 336 1162 1394 1245; baseline -0.005 -17"><span class='ocrx_word' id='word_1_38' title='bbox 336 1168 454 1228; x_wconf 88' lang='lat' dir='ltr'><strong>habens</strong></span> <span class='ocrx_word' id='word_1_39' title='bbox 467 1167 506 1226; x_wconf 89' lang='lat' dir='ltr'><strong>ab</strong></span> <span class='ocrx_word' id='word_1_40' title='bbox 520 1167 678 1228; x_wconf 86' lang='lat' dir='ltr'><strong>uniuersis</strong></span> <span class='ocrx_word' id='word_1_41' title='bbox 691 1167 848 1242; x_wconf 82' lang='lat' dir='ltr'><strong>fratribus,</strong></span> <span class='ocrx_word' id='word_1_42' title='bbox 869 1167 1054 1245; x_wconf 84' lang='lat' dir='ltr'><strong>cunctisque</strong></span> <span class='ocrx_word' id='word_1_43' title='bbox 1070 1167 1283 1245; x_wconf 88' lang='lat' dir='ltr'><strong>superuenien·</strong></span> <span class='ocrx_word' id='word_1_44' title='bbox 1393 1162 1394 1171; x_wconf 73' lang='grc'>’</span> 
     </span>
    </p>
   </div>
   <div class='ocr_carea' id='block_1_6' title="bbox 330 1264 1288 2332">
    <p class='ocr_par' dir='ltr' id='par_1_6' title="bbox 330 1264 1288 2332">
     <span class='ocr_line' id='line_1_8' title="bbox 337 1264 1283 1343; baseline -0.004 -16"><span class='ocrx_word' id='word_1_45' title='bbox 337 1266 423 1327; x_wconf 91' lang='lat' dir='ltr'><strong>tibus</strong></span> <span class='ocrx_word' id='word_1_46' title='bbox 450 1265 632 1343; x_wconf 83' lang='lat' dir='ltr'><strong>hospitibus,</strong></span> <span class='ocrx_word' id='word_1_47' title='bbox 663 1266 747 1342; x_wconf 89' lang='lat' dir='ltr'><strong>quod</strong></span> <span class='ocrx_word' id='word_1_48' title='bbox 775 1266 826 1325; x_wconf 91' lang='lat' dir='ltr'><strong>uir</strong></span> <span class='ocrx_word' id='word_1_49' title='bbox 849 1268 932 1326; x_wconf 88' lang='lat' dir='ltr'><strong>esset</strong></span> <span class='ocrx_word' id='word_1_50' title='bbox 955 1266 1074 1326; x_wconf 90' lang='lat' dir='ltr'><strong>multae</strong></span> <span class='ocrx_word' id='word_1_51' title='bbox 1101 1264 1229 1342; x_wconf 88' lang='lat' dir='ltr'><strong>pietatis</strong></span> <span class='ocrx_word' id='word_1_52' title='bbox 1253 1283 1283 1323; x_wconf 85' lang='lat' dir='ltr'><strong>aa</strong></span> 
     </span>
     <span class='ocr_line' id='line_1_9' title="bbox 330 1363 1283 1443; baseline -0.001 -19"><span class='ocrx_word' id='word_1_53' title='bbox 330 1364 504 1443; x_wconf 84' lang='lat' dir='ltr'><strong>religionis,</strong></span> <span class='ocrx_word' id='word_1_54' title='bbox 535 1363 741 1441; x_wconf 87' lang='lat' dir='ltr'><strong>iniunotoque</strong></span> <span class='ocrx_word' id='word_1_55' title='bbox 768 1364 827 1424; x_wconf 85' lang='lat' dir='ltr'><strong>s1bi</strong></span> <span class='ocrx_word' id='word_1_56' title='bbox 856 1364 957 1424; x_wconf 87' lang='lat' dir='ltr'><strong>offioio</strong></span> <span class='ocrx_word' id='word_1_57' title='bbox 984 1384 1137 1440; x_wconf 75' lang='lat' dir='ltr'><strong>supernae</strong></span> <span class='ocrx_word' id='word_1_58' title='bbox 1164 1366 1283 1424; x_wconf 86' lang='lat' dir='ltr'><strong>tantum</strong></span> 
     </span>
     <span class='ocr_line' id='line_1_10' title="bbox 337 1462 1284 1540; baseline -0.003 -16"><span class='ocrx_word' id='word_1_59' title='bbox 337 1463 489 1524; x_wconf 80' lang='lat' dir='ltr'><strong>mercedis</strong></span> <span class='ocrx_word' id='word_1_60' title='bbox 502 1463 601 1540; x_wconf 80' lang='lat' dir='ltr'><strong>gratia</strong></span> <span class='ocrx_word' id='word_1_61' title='bbox 614 1462 768 1523; x_wconf 86' lang='lat' dir='ltr'><strong>subditus.</strong></span> <span class='ocrx_word' id='word_1_62' title='bbox 813 1463 874 1523; x_wconf 89' lang='lat' dir='ltr'><strong>Hio</strong></span> <span class='ocrx_word' id='word_1_63' title='bbox 891 1483 964 1523; x_wconf 86' lang='lat' dir='ltr'><strong>oum</strong></span> <span class='ocrx_word' id='word_1_64' title='bbox 981 1463 1117 1540; x_wconf 86' lang='lat' dir='ltr'><strong>quadam</strong></span> <span class='ocrx_word' id='word_1_65' title='bbox 1136 1462 1189 1522; x_wconf 90' lang='lat' dir='ltr'><strong>die</strong></span> <span class='ocrx_word' id='word_1_66' title='bbox 1204 1462 1284 1522; x_wconf 86' lang='lat' dir='ltr'><strong>lenas</strong></span> 
     </span>
     <span class='ocr_line' id='line_1_11' title="bbox 338 1560 1282 1640; baseline -0.002 -18"><span class='ocrx_word' id='word_1_67' title='bbox 338 1563 403 1622; x_wconf 89' lang='lat' dir='ltr'><strong>siue</strong></span> <span class='ocrx_word' id='word_1_68' title='bbox 414 1583 493 1640; x_wconf 82' lang='lat' dir='ltr'><strong>saga,</strong></span> <span class='ocrx_word' id='word_1_69' title='bbox 506 1560 620 1638; x_wconf 91' lang='lat' dir='ltr'><strong>quibus</strong></span> <span class='ocrx_word' id='word_1_70' title='bbox 630 1561 665 1621; x_wconf 95' lang='lat' dir='ltr'><strong>in</strong></span> <span class='ocrx_word' id='word_1_71' title='bbox 677 1562 832 1639; x_wconf 87' lang='lat' dir='ltr'><strong>hospitale</strong></span> <span class='ocrx_word' id='word_1_72' title='bbox 842 1562 996 1636; x_wconf 86' lang='lat' dir='ltr'><strong>utebatur,</strong></span> <span class='ocrx_word' id='word_1_73' title='bbox 1010 1561 1045 1621; x_wconf 86' lang='lat' dir='ltr'><strong>in</strong></span> <span class='ocrx_word' id='word_1_74' title='bbox 1055 1560 1135 1620; x_wconf 86' lang='lat' dir='ltr'><strong>mari</strong></span> <span class='ocrx_word' id='word_1_75' title='bbox 1145 1561 1282 1632; x_wconf 84' lang='lat' dir='ltr'><strong>lauasset,</strong></span> 
     </span>
     <span class='ocr_line' id='line_1_12' title="bbox 338 1659 1287 1737; baseline -0.001 -17"><span class='ocrx_word' id='word_1_76' title='bbox 338 1661 460 1721; x_wconf 89' lang='lat' dir='ltr'><strong>rediens</strong></span> <span class='ocrx_word' id='word_1_77' title='bbox 471 1660 608 1735; x_wconf 90' lang='lat' dir='ltr'><strong>domum,</strong></span> <span class='ocrx_word' id='word_1_78' title='bbox 622 1661 785 1737; x_wconf 87' lang='lat' dir='ltr'><strong>repentina</strong></span> <span class='ocrx_word' id='word_1_79' title='bbox 798 1660 901 1721; x_wconf 91' lang='lat' dir='ltr'><strong>medio</strong></span> <span class='ocrx_word' id='word_1_80' title='bbox 915 1661 1027 1720; x_wconf 87' lang='lat' dir='ltr'><strong>itinere</strong></span> <span class='ocrx_word' id='word_1_81' title='bbox 1036 1659 1182 1720; x_wconf 90' lang='lat' dir='ltr'><strong>molestia</strong></span> <span class='ocrx_word' id='word_1_82' title='bbox 1192 1663 1287 1719; x_wconf 85' lang='lat' dir='ltr'><strong>taetus</strong></span> 
     </span>
     <span class='ocr_line' id='line_1_13' title="bbox 338 1761 1287 1838; baseline -0.002 -18"><span class='ocrx_word' id='word_1_83' title='bbox 338 1763 395 1836; x_wconf 85' lang='lat' dir='ltr'><strong>est,</strong></span> <span class='ocrx_word' id='word_1_84' title='bbox 419 1762 463 1821; x_wconf 88' lang='lat' dir='ltr'><strong>ita</strong></span> <span class='ocrx_word' id='word_1_85' title='bbox 483 1765 519 1820; x_wconf 82' lang='lat' dir='ltr'><strong>ut</strong></span> <span class='ocrx_word' id='word_1_86' title='bbox 541 1781 688 1821; x_wconf 83' lang='lat' dir='ltr'><strong>corruens</strong></span> <span class='ocrx_word' id='word_1_87' title='bbox 710 1762 745 1820; x_wconf 90' lang='lat' dir='ltr'><strong>in</strong></span> <span class='ocrx_word' id='word_1_88' title='bbox 769 1763 893 1836; x_wconf 87' lang='lat' dir='ltr'><strong>terram,</strong></span> <span class='ocrx_word' id='word_1_89' title='bbox 914 1765 946 1822; x_wconf 90' lang='lat' dir='ltr'><strong>et</strong></span> <span class='ocrx_word' id='word_1_90' title='bbox 967 1761 1150 1838; x_wconf 88' lang='lat' dir='ltr'><strong>aliquandiu</strong></span> <span class='ocrx_word' id='word_1_91' title='bbox 1174 1779 1287 1837; x_wconf 80' lang='lat' dir='ltr'><strong>pronus</strong></span> 
     </span>
     <span class='ocr_line' id='line_1_14' title="bbox 339 1859 1287 1938; baseline -0.002 -18"><span class='ocrx_word' id='word_1_92' title='bbox 339 1862 449 1934; x_wconf 90' lang='lat' dir='ltr'><strong>iaoens‚</strong></span> <span class='ocrx_word' id='word_1_93' title='bbox 464 1859 517 1920; x_wconf 84' lang='lat' dir='ltr'><strong>uix</strong></span> <span class='ocrx_word' id='word_1_94' title='bbox 532 1860 660 1920; x_wconf 87' lang='lat' dir='ltr'><strong>tandem</strong></span> <span class='ocrx_word' id='word_1_95' title='bbox 671 1865 854 1938; x_wconf 83' lang='lat' dir='ltr'><strong>resurgeret</strong></span> <span class='ocrx_word' id='word_1_96' title='bbox 886 1861 1065 1937; x_wconf 83' lang='lat' dir='ltr'><strong>Resurgens</strong></span> <span class='ocrx_word' id='word_1_97' title='bbox 1075 1863 1182 1920; x_wconf 82' lang='lat' dir='ltr'><strong>autem</strong></span> <span class='ocrx_word' id='word_1_98' title='bbox 1194 1861 1287 1919; x_wconf 84' lang='lat' dir='ltr'><strong>sensit</strong></span> 
     </span>
     <span class='ocr_line' id='line_1_15' title="bbox 339 1958 1288 2037; baseline -0.002 -19"><span class='ocrx_word' id='word_1_99' title='bbox 339 1958 500 2020; x_wconf 81' lang='lat' dir='ltr'><strong>dimidiam</strong></span> <span class='ocrx_word' id='word_1_100' title='bbox 515 1958 650 2034; x_wconf 84' lang='lat' dir='ltr'><strong>eorporis</strong></span> <span class='ocrx_word' id='word_1_101' title='bbox 667 1958 717 2019; x_wconf 88' lang='lat' dir='ltr'><strong>sui</strong></span> <span class='ocrx_word' id='word_1_102' title='bbox 734 1961 855 2036; x_wconf 87' lang='lat' dir='ltr'><strong>partem</strong></span> <span class='ocrx_word' id='word_1_103' title='bbox 874 1979 893 2019; x_wconf 89' lang='lat' dir='ltr'><strong>a</strong></span> <span class='ocrx_word' id='word_1_104' title='bbox 911 1960 1012 2037; x_wconf 88' lang='lat' dir='ltr'><strong>eapite</strong></span> <span class='ocrx_word' id='word_1_105' title='bbox 1029 1978 1128 2036; x_wconf 83' lang='lat' dir='ltr'><strong>usque</strong></span> <span class='ocrx_word' id='word_1_106' title='bbox 1143 1959 1184 2018; x_wconf 86' lang='lat' dir='ltr'><strong>ad</strong></span> <span class='ocrx_word' id='word_1_107' title='bbox 1198 1959 1288 2034; x_wconf 83' lang='lat' dir='ltr'><strong>pedes</strong></span> 
     </span>
     <span class='ocr_line' id='line_1_16' title="bbox 339 2056 1288 2136; baseline -0.004 -18"><span class='ocrx_word' id='word_1_108' title='bbox 339 2056 489 2136; x_wconf 77' lang='lat' dir='ltr'><strong>paralysis</strong></span> <span class='ocrx_word' id='word_1_109' title='bbox 516 2058 643 2135; x_wconf 84' lang='lat' dir='ltr'><strong>langore</strong></span> <span class='ocrx_word' id='word_1_110' title='bbox 671 2057 856 2134; x_wconf 79' lang='lat' dir='ltr'><strong>depressam,</strong></span> <span class='ocrx_word' id='word_1_111' title='bbox 883 2062 915 2118; x_wconf 91' lang='lat' dir='ltr'><strong>et</strong></span> <span class='ocrx_word' id='word_1_112' title='bbox 935 2058 1073 2118; x_wconf 84' lang='lat' dir='ltr'><strong>maximo</strong></span> <span class='ocrx_word' id='word_1_113' title='bbox 1093 2077 1167 2117; x_wconf 88' lang='lat' dir='ltr'><strong>oum</strong></span> <span class='ocrx_word' id='word_1_114' title='bbox 1188 2057 1288 2117; x_wconf 89' lang='lat' dir='ltr'><strong>labore</strong></span> 
     </span>
     <span class='ocr_line' id='line_1_17' title="bbox 340 2155 1286 2233; baseline -0.004 -16"><span class='ocrx_word' id='word_1_115' title='bbox 340 2155 450 2217; x_wconf 81' lang='lat' dir='ltr'><strong>baculo</strong></span> <span class='ocrx_word' id='word_1_116' title='bbox 471 2155 611 2216; x_wconf 87' lang='lat' dir='ltr'><strong>innitens</strong></span> <span class='ocrx_word' id='word_1_117' title='bbox 630 2155 761 2216; x_wconf 90' lang='lat' dir='ltr'><strong>domum</strong></span> <span class='ocrx_word' id='word_1_118' title='bbox 782 2157 934 2233; x_wconf 89' lang='lat' dir='ltr'><strong>peruenit.</strong></span> <span class='ocrx_word' id='word_1_119' title='bbox 979 2156 1143 2218; x_wconf 78' lang='lat' dir='ltr'><strong>Crescebat</strong></span> <span class='ocrx_word' id='word_1_120' title='bbox 1163 2155 1286 2215; x_wconf 87' lang='lat' dir='ltr'><strong>morbus</strong></span> 
     </span>
     <span class='ocr_line' id='line_1_18' title="bbox 340 2254 1284 2332; baseline 0.005 -18"><span class='ocrx_word' id='word_1_121' title='bbox 340 2254 499 2332; x_wconf 88' lang='lat' dir='ltr'><strong>paulatim,</strong></span> <span class='ocrx_word' id='word_1_122' title='bbox 523 2258 555 2315; x_wconf 88' lang='lat' dir='ltr'><strong>et</strong></span> <span class='ocrx_word' id='word_1_123' title='bbox 574 2258 666 2315; x_wconf 85' lang='lat' dir='ltr'><strong>noete</strong></span> <span class='ocrx_word' id='word_1_124' title='bbox 686 2255 925 2330; x_wconf 85' lang='lat' dir='ltr'><strong>superueniente</strong></span> <span class='ocrx_word' id='word_1_125' title='bbox 944 2255 1067 2332; x_wconf 86' lang='lat' dir='ltr'><strong>grauior</strong></span> <span class='ocrx_word' id='word_1_126' title='bbox 1085 2254 1215 2314; x_wconf 81' lang='lat' dir='ltr'><strong>effeetus</strong></span> <span class='ocrx_word' id='word_1_127' title='bbox 1231 2257 1284 2319; x_wconf 62' lang='lat' dir='ltr'><strong>est</strong></span> 
     </span>
    </p>
   </div>
   <div class='ocr_carea' id='block_1_7' title="bbox 257 2350 1286 2428">
    <p class='ocr_par' dir='ltr' id='par_1_7' title="bbox 257 2350 1286 2428">
     <span class='ocr_line' id='line_1_19' title="bbox 257 2350 1286 2428; baseline -0.003 -16"><span class='ocrx_word' id='word_1_128' title='bbox 257 2352 262 2362; x_wconf 84' lang='lat'>&#39;</span> <span class='ocrx_word' id='word_1_129' title='bbox 339 2352 384 2412; x_wconf 89' lang='lat' dir='ltr'><strong>ita</strong></span> <span class='ocrx_word' id='word_1_130' title='bbox 405 2355 440 2412; x_wconf 91' lang='lat' dir='ltr'><strong>ut</strong></span> <span class='ocrx_word' id='word_1_131' title='bbox 461 2353 511 2412; x_wconf 88' lang='lat' dir='ltr'><strong>die</strong></span> <span class='ocrx_word' id='word_1_132' title='bbox 532 2352 681 2412; x_wconf 80' lang='lat' dir='ltr'><strong>redeunte</strong></span> <span class='ocrx_word' id='word_1_133' title='bbox 701 2352 756 2411; x_wconf 87' lang='lat' dir='ltr'><strong>uix</strong></span> <span class='ocrx_word' id='word_1_134' title='bbox 777 2352 844 2428; x_wconf 89' lang='lat' dir='ltr'><strong>ipse</strong></span> <span class='ocrx_word' id='word_1_135' title='bbox 862 2371 917 2428; x_wconf 91' lang='lat' dir='ltr'><strong>per</strong></span> <span class='ocrx_word' id='word_1_136' title='bbox 935 2371 968 2411; x_wconf 89' lang='lat' dir='ltr'><strong>se</strong></span> <span class='ocrx_word' id='word_1_137' title='bbox 988 2371 1153 2428; x_wconf 85' lang='lat' dir='ltr'><strong>exsurgere</strong></span> <span class='ocrx_word' id='word_1_138' title='bbox 1173 2353 1228 2411; x_wconf 89' lang='lat' dir='ltr'><strong>aut</strong></span> <span class='ocrx_word' id='word_1_139' title='bbox 1244 2350 1286 2408; x_wconf 93' lang='lat' dir='ltr'><strong>in·</strong></span> 
     </span>
    </p>
   </div>
   <div class='ocr_carea' id='block_1_8' title="bbox 341 2449 1291 3316">
    <p class='ocr_par' dir='ltr' id='par_1_8' title="bbox 341 2449 1291 3316">
     <span class='ocr_line' id='line_1_20' title="bbox 341 2449 1288 2526; baseline -0.004 -16"><span class='ocrx_word' id='word_1_140' title='bbox 341 2451 448 2511; x_wconf 85' lang='lat' dir='ltr'><strong>oedere</strong></span> <span class='ocrx_word' id='word_1_141' title='bbox 476 2450 602 2511; x_wconf 84' lang='lat' dir='ltr'><strong>ualeret</strong></span> <span class='ocrx_word' id='word_1_142' title='bbox 648 2451 715 2526; x_wconf 84' lang='lat' dir='ltr'><strong>Quo</strong></span> <span class='ocrx_word' id='word_1_143' title='bbox 742 2450 873 2511; x_wconf 79' lang='lat' dir='ltr'><strong>affectus</strong></span> <span class='ocrx_word' id='word_1_144' title='bbox 900 2450 1107 2524; x_wconf 87' lang='lat' dir='ltr'><strong>inoommodo,</strong></span> <span class='ocrx_word' id='word_1_145' title='bbox 1132 2449 1288 2525; x_wconf 85' lang='lat' dir='ltr'><strong>oonoepit⁴</strong></span> 
     </span>
     <span class='ocr_line' id='line_1_21' title="bbox 341 2548 1287 2625; baseline -0.005 -16"><span class='ocrx_word' id='word_1_146' title='bbox 341 2549 514 2610; x_wconf 89' lang='lat' dir='ltr'><strong>utillimum</strong></span> <span class='ocrx_word' id='word_1_147' title='bbox 536 2552 642 2610; x_wconf 85' lang='lat' dir='ltr'><strong>mente</strong></span> <span class='ocrx_word' id='word_1_148' title='bbox 664 2548 840 2622; x_wconf 85' lang='lat' dir='ltr'><strong>eonsilium,</strong></span> <span class='ocrx_word' id='word_1_149' title='bbox 858 2551 894 2608; x_wconf 89' lang='lat' dir='ltr'><strong>ut</strong></span> <span class='ocrx_word' id='word_1_150' title='bbox 914 2549 952 2608; x_wconf 92' lang='lat' dir='ltr'><strong>ad</strong></span> <span class='ocrx_word' id='word_1_151' title='bbox 974 2548 1143 2622; x_wconf 80' lang='lat' dir='ltr'><strong>ecelesiam,</strong></span> <span class='ocrx_word' id='word_1_152' title='bbox 1167 2567 1287 2625; x_wconf 86' lang='lat' dir='ltr'><strong>quoquo</strong></span> 
     </span>
     <span class='ocr_line' id='line_1_22' title="bbox 343 2647 1288 2724; baseline -0.005 -17"><span class='ocrx_word' id='word_1_153' title='bbox 343 2648 437 2707; x_wconf 92' lang='lat' dir='ltr'><strong>modo</strong></span> <span class='ocrx_word' id='word_1_154' title='bbox 461 2649 573 2724; x_wconf 89' lang='lat' dir='ltr'><strong>posset,</strong></span> <span class='ocrx_word' id='word_1_155' title='bbox 597 2647 792 2724; x_wconf 82' lang='lat' dir='ltr'><strong>perueniens,</strong></span> <span class='ocrx_word' id='word_1_156' title='bbox 816 2647 948 2707; x_wconf 78' lang='lat' dir='ltr'><strong>intraret</strong></span> <span class='ocrx_word' id='word_1_157' title='bbox 973 2647 1013 2707; x_wconf 91' lang='lat' dir='ltr'><strong>ad</strong></span> <span class='ocrx_word' id='word_1_158' title='bbox 1042 2647 1186 2706; x_wconf 88' lang='lat' dir='ltr'><strong>tumbam</strong></span> <span class='ocrx_word' id='word_1_159' title='bbox 1206 2665 1288 2704; x_wconf 81' lang='lat' dir='ltr'><strong>reue</strong></span> 
     </span>
     <span class='ocr_line' id='line_1_23' title="bbox 342 2742 1288 2822; baseline -0.006 -16"><span class='ocrx_word' id='word_1_160' title='bbox 342 2747 511 2806; x_wconf 86' lang='lat' dir='ltr'><strong>rentissimi</strong></span> <span class='ocrx_word' id='word_1_161' title='bbox 544 2747 642 2822; x_wconf 83' lang='lat' dir='ltr'><strong>patris</strong></span> <span class='ocrx_word' id='word_1_162' title='bbox 676 2746 870 2820; x_wconf 66' lang='lat' dir='ltr'><strong>Oudbercffl,</strong></span> <span class='ocrx_word' id='word_1_163' title='bbox 901 2745 1007 2822; x_wconf 88' lang='lat' dir='ltr'><strong>ibique</strong></span> <span class='ocrx_word' id='word_1_164' title='bbox 1041 2745 1173 2822; x_wconf 85' lang='lat' dir='ltr'><strong>genibus</strong></span> <span class='ocrx_word' id='word_1_165' title='bbox 1205 2742 1288 2804; x_wconf 86' lang='lat' dir='ltr'><strong>flexis</strong></span> 
     </span>
     <span class='ocr_line' id='line_1_24' title="bbox 342 2843 1288 2922; baseline -0.003 -17"><span class='ocrx_word' id='word_1_166' title='bbox 342 2845 473 2922; x_wconf 84' lang='lat' dir='ltr'><strong>supplex</strong></span> <span class='ocrx_word' id='word_1_167' title='bbox 487 2864 654 2921; x_wconf 90' lang='lat' dir='ltr'><strong>supernam</strong></span> <span class='ocrx_word' id='word_1_168' title='bbox 667 2844 818 2922; x_wconf 86' lang='lat' dir='ltr'><strong>pietatem</strong></span> <span class='ocrx_word' id='word_1_169' title='bbox 835 2848 964 2921; x_wconf 85' lang='lat' dir='ltr'><strong>rogaret,</strong></span> <span class='ocrx_word' id='word_1_170' title='bbox 982 2847 1017 2904; x_wconf 93' lang='lat' dir='ltr'><strong>ut</strong></span> <span class='ocrx_word' id='word_1_171' title='bbox 1031 2843 1083 2903; x_wconf 91' lang='lat' dir='ltr'><strong>uel</strong></span> <span class='ocrx_word' id='word_1_172' title='bbox 1096 2843 1137 2903; x_wconf 90' lang='lat' dir='ltr'><strong>ab</strong></span> <span class='ocrx_word' id='word_1_173' title='bbox 1151 2843 1288 2903; x_wconf 87' lang='lat' dir='ltr'><strong>huiusoe·</strong></span> 
     </span>
     <span class='ocr_line' id='line_1_25' title="bbox 342 2939 1286 3020; baseline -0.003 -17"><span class='ocrx_word' id='word_1_174' title='bbox 342 2943 428 3005; x_wconf 90' lang='lat' dir='ltr'><strong>modi</strong></span> <span class='ocrx_word' id='word_1_175' title='bbox 442 2943 576 3020; x_wconf 84' lang='lat' dir='ltr'><strong>langore,</strong></span> <span class='ocrx_word' id='word_1_176' title='bbox 594 2943 621 3002; x_wconf 95' lang='lat' dir='ltr'><strong>si</strong></span> <span class='ocrx_word' id='word_1_177' title='bbox 641 2942 700 3003; x_wconf 88' lang='lat' dir='ltr'><strong>hoo</strong></span> <span class='ocrx_word' id='word_1_178' title='bbox 720 2942 781 3002; x_wconf 90' lang='lat' dir='ltr'><strong>sibi</strong></span> <span class='ocrx_word' id='word_1_179' title='bbox 802 2943 879 3004; x_wconf 89' lang='lat' dir='ltr'><strong>utile</strong></span> <span class='ocrx_word' id='word_1_180' title='bbox 900 2946 989 3016; x_wconf 86' lang='lat' dir='ltr'><strong>esset,</strong></span> <span class='ocrx_word' id='word_1_181' title='bbox 1006 2942 1210 3016; x_wconf 79' lang='lat' dir='ltr'><strong>liberaretur3</strong></span> <span class='ocrx_word' id='word_1_182' title='bbox 1230 2939 1286 3008; x_wconf 76' lang='lat' dir='ltr'><strong>uel,</strong></span> 
     </span>
     <span class='ocr_line' id='line_1_26' title="bbox 342 3040 1291 3119; baseline -0.007 -16"><span class='ocrx_word' id='word_1_183' title='bbox 342 3043 369 3103; x_wconf 90' lang='lat' dir='ltr'><strong>si</strong></span> <span class='ocrx_word' id='word_1_184' title='bbox 390 3063 423 3102; x_wconf 90' lang='lat' dir='ltr'><strong>se</strong></span> <span class='ocrx_word' id='word_1_185' title='bbox 444 3042 499 3101; x_wconf 90' lang='lat' dir='ltr'><strong>tali</strong></span> <span class='ocrx_word' id='word_1_186' title='bbox 521 3042 665 3102; x_wconf 88' lang='lat' dir='ltr'><strong>molestia</strong></span> <span class='ocrx_word' id='word_1_187' title='bbox 685 3043 802 3103; x_wconf 91' lang='lat' dir='ltr'><strong>diutius</strong></span> <span class='ocrx_word' id='word_1_188' title='bbox 822 3042 964 3119; x_wconf 81' lang='lat' dir='ltr'><strong>oastigari</strong></span> <span class='ocrx_word' id='word_1_189' title='bbox 984 3041 1092 3101; x_wconf 91' lang='lat' dir='ltr'><strong>diuina</strong></span> <span class='ocrx_word' id='word_1_190' title='bbox 1112 3040 1291 3117; x_wconf 83' lang='lat' dir='ltr'><strong>prouidente</strong></span> 
     </span>
     <span class='ocr_line' id='line_1_27' title="bbox 343 3140 1290 3220; baseline -0.006 -19"><span class='ocrx_word' id='word_1_191' title='bbox 343 3142 441 3220; x_wconf 85' lang='lat' dir='ltr'><strong>gratia</strong></span> <span class='ocrx_word' id='word_1_192' title='bbox 462 3143 624 3218; x_wconf 82' lang='lat' dir='ltr'><strong>oporteret,</strong></span> <span class='ocrx_word' id='word_1_193' title='bbox 648 3141 802 3218; x_wconf 87' lang='lat' dir='ltr'><strong>patienter</strong></span> <span class='ocrx_word' id='word_1_194' title='bbox 824 3142 961 3201; x_wconf 87' lang='lat' dir='ltr'><strong>dolorem</strong></span> <span class='ocrx_word' id='word_1_195' title='bbox 985 3160 1020 3200; x_wconf 84' lang='lat' dir='ltr'><strong>ae</strong></span> <span class='ocrx_word' id='word_1_196' title='bbox 1042 3140 1165 3216; x_wconf 82' lang='lat' dir='ltr'><strong>placida</strong></span> <span class='ocrx_word' id='word_1_197' title='bbox 1187 3141 1290 3199; x_wconf 86' lang='lat' dir='ltr'><strong>mente</strong></span> 
     </span>
     <span class='ocr_line' id='line_1_28' title="bbox 343 3238 1286 3316; baseline -0.004 -16"><span class='ocrx_word' id='word_1_198' title='bbox 343 3242 510 3300; x_wconf 86' lang='lat' dir='ltr'><strong>sustineret</strong></span> <span class='ocrx_word' id='word_1_199' title='bbox 524 3239 667 3300; x_wconf 89' lang='lat' dir='ltr'><strong>inlatum.</strong></span> <span class='ocrx_word' id='word_1_200' title='bbox 713 3240 799 3299; x_wconf 83' lang='lat' dir='ltr'><strong>Fecit</strong></span> <span class='ocrx_word' id='word_1_201' title='bbox 809 3239 912 3316; x_wconf 83' lang='lat' dir='ltr'><strong>igitur,</strong></span> <span class='ocrx_word' id='word_1_202' title='bbox 926 3241 960 3298; x_wconf 94' lang='lat' dir='ltr'><strong>ut</strong></span> <span class='ocrx_word' id='word_1_203' title='bbox 973 3240 1080 3299; x_wconf 88' lang='lat' dir='ltr'><strong>animo</strong></span> <span class='ocrx_word' id='word_1_204' title='bbox 1091 3238 1286 3314; x_wconf 84' lang='lat' dir='ltr'><strong>disposuerat</strong></span> 
     </span>
    </p>
   </div>
   <div class='ocr_carea' id='block_1_9' title="bbox 343 3335 1289 3514">
    <p class='ocr_par' dir='ltr' id='par_1_9' title="bbox 343 3335 1289 3514">
     <span class='ocr_line' id='line_1_29' title="bbox 343 3335 1289 3399; baseline -0.004 -1"><span class='ocrx_word' id='word_1_205' title='bbox 343 3343 376 3398; x_wconf 93' lang='lat' dir='ltr'><strong>et</strong></span> <span class='ocrx_word' id='word_1_206' title='bbox 397 3339 577 3398; x_wconf 80' lang='lat' dir='ltr'><strong>inbecilles⁸</strong></span> <span class='ocrx_word' id='word_1_207' title='bbox 601 3341 687 3399; x_wconf 88' lang='lat' dir='ltr'><strong>artus</strong></span> <span class='ocrx_word' id='word_1_208' title='bbox 711 3339 822 3399; x_wconf 79' lang='lat' dir='ltr'><strong>baculo</strong></span> <span class='ocrx_word' id='word_1_209' title='bbox 845 3341 1026 3398; x_wconf 85' lang='lat' dir='ltr'><strong>sustentans</strong></span> <span class='ocrx_word' id='word_1_210' title='bbox 1048 3337 1182 3398; x_wconf 90' lang='lat' dir='ltr'><strong>intrauit</strong></span> <span class='ocrx_word' id='word_1_211' title='bbox 1204 3335 1289 3396; x_wconf 75' lang='lat' dir='ltr'><strong>escle</strong></span> 
     </span>
     <span class='ocr_line' id='line_1_30' title="bbox 344 3435 1289 3514; baseline -0.003 -17"><span class='ocrx_word' id='word_1_212' title='bbox 344 3438 423 3498; x_wconf 89' lang='lat' dir='ltr'><strong>siam</strong></span> <span class='ocrx_word' id='word_1_213' title='bbox 437 3459 445 3512; x_wconf 91' lang='lat'>;</span> <span class='ocrx_word' id='word_1_214' title='bbox 467 3457 501 3497; x_wconf 83' lang='lat' dir='ltr'><strong>ao</strong></span> <span class='ocrx_word' id='word_1_215' title='bbox 515 3441 716 3514; x_wconf 89' lang='lat' dir='ltr'><strong>prosternens</strong></span> <span class='ocrx_word' id='word_1_216' title='bbox 735 3457 768 3496; x_wconf 91' lang='lat' dir='ltr'><strong>se</strong></span> <span class='ocrx_word' id='word_1_217' title='bbox 781 3438 820 3497; x_wconf 92' lang='lat' dir='ltr'><strong>ad</strong></span> <span class='ocrx_word' id='word_1_218' title='bbox 839 3457 952 3513; x_wconf 84' lang='lat' dir='ltr'><strong>eorpus</strong></span> <span class='ocrx_word' id='word_1_219' title='bbox 970 3436 1032 3496; x_wconf 92' lang='lat' dir='ltr'><strong>uiri</strong></span> <span class='ocrx_word' id='word_1_220' title='bbox 1048 3436 1116 3510; x_wconf 82' lang='lat' dir='ltr'><strong>Dei,</strong></span> <span class='ocrx_word' id='word_1_221' title='bbox 1133 3437 1184 3513; x_wconf 87' lang='lat' dir='ltr'><strong>pia</strong></span> <span class='ocrx_word' id='word_1_222' title='bbox 1196 3435 1289 3495; x_wconf 79' lang='lat' dir='ltr'><strong>inten-</strong></span> 
     </span>
    </p>
   </div>
   <div class='ocr_carea' id='block_1_10' title="bbox 344 3602 1288 3978">
    <p class='ocr_par' dir='ltr' id='par_1_10' title="bbox 344 3602 1288 3978">
     <span class='ocr_line' id='line_1_31' title="bbox 377 3602 1288 3664; baseline -0.004 -13"><span class='ocrx_word' id='word_1_223' title='bbox 377 3603 385 3632; x_wconf 83' lang='lat'><strong>¹</strong></span> <span class='ocrx_word' id='word_1_224' title='bbox 402 3607 481 3652; x_wconf 78' lang='lat' dir='ltr'><strong>latha</strong></span> <span class='ocrx_word' id='word_1_225' title='bbox 497 3607 599 3662; x_wconf 77' lang='lat' dir='ltr'><strong>capitula</strong></span> <span class='ocrx_word' id='word_1_226' title='bbox 617 3604 645 3653; x_wconf 80' lang='lat'><strong>0.</strong></span> <span class='ocrx_word' id='word_1_227' title='bbox 659 3604 700 3653; x_wconf 88' lang='lat' dir='ltr'><strong>W.</strong></span> <span class='ocrx_word' id='word_1_228' title='bbox 714 3603 781 3664; x_wconf 60' lang='grc' dir='ltr'><strong>ΟΜ,</strong></span> <span class='ocrx_word' id='word_1_229' title='bbox 795 3602 865 3663; x_wconf 59' lang='grc' dir='ltr'><strong>ΟΜ</strong></span> <span class='ocrx_word' id='word_1_230' title='bbox 879 3603 929 3663; x_wconf 65' lang='lat'><strong>010.</strong></span> <span class='ocrx_word' id='word_1_231' title='bbox 941 3603 1288 3661; x_wconf 70' lang='lat' dir='ltr'><strong>meraetteordarostta&#39;aand</strong></span> 
     </span>
     <span class='ocr_line' id='line_1_32' title="bbox 344 3679 1288 3744; baseline -0.005 -14"><span class='ocrx_word' id='word_1_232' title='bbox 344 3686 380 3730; x_wconf 73' lang='lat' dir='ltr'><strong>aaa</strong></span> <span class='ocrx_word' id='word_1_233' title='bbox 402 3688 455 3730; x_wconf 66' lang='lat' dir='ltr'><strong>am</strong></span> <span class='ocrx_word' id='word_1_234' title='bbox 476 3687 574 3744; x_wconf 66' lang='lat' dir='ltr'><strong>raama,</strong></span> <span class='ocrx_word' id='word_1_235' title='bbox 592 3687 642 3730; x_wconf 78' lang='lat' dir='ltr'><strong>aad</strong></span> <span class='ocrx_word' id='word_1_236' title='bbox 661 3685 817 3740; x_wconf 59' lang='lat' dir='ltr'><strong>coaequanda</strong></span> <span class='ocrx_word' id='word_1_237' title='bbox 831 3686 888 3730; x_wconf 80' lang='lat' dir='ltr'><strong>read</strong></span> <span class='ocrx_word' id='word_1_238' title='bbox 904 3682 973 3729; x_wconf 79' lang='lat' dir='ltr'><strong>alter</strong></span> <span class='ocrx_word' id='word_1_239' title='bbox 982 3685 1025 3740; x_wconf 86' lang='lat' dir='ltr'><strong>sor</strong></span> <span class='ocrx_word' id='word_1_240' title='bbox 1040 3681 1153 3742; x_wconf 80' lang='lat' dir='ltr'><strong>quidam</strong></span> <span class='ocrx_word' id='word_1_241' title='bbox 1169 3685 1224 3740; x_wconf 70' lang='lat' dir='ltr'><strong>aaa,</strong></span> <span class='ocrx_word' id='word_1_242' title='bbox 1239 3679 1288 3724; x_wconf 68' lang='lat' dir='ltr'><strong>eard</strong></span> 
     </span>
     <span class='ocr_line' id='line_1_33' title="bbox 344 3759 1288 3822; baseline -0.006 -13"><span class='ocrx_word' id='word_1_243' title='bbox 344 3759 673 3822; x_wconf 75' lang='lat' dir='ltr'><strong>quidamsoraltertter05</strong></span> <span class='ocrx_word' id='word_1_244' title='bbox 691 3764 769 3808; x_wconf 79' lang='lat' dir='ltr'><strong>tutin</strong></span> <span class='ocrx_word' id='word_1_245' title='bbox 785 3765 822 3808; x_wconf 75' lang='lat' dir='ltr'><strong>tte</strong></span> <span class='ocrx_word' id='word_1_246' title='bbox 837 3765 883 3809; x_wconf 63' lang='lat' dir='ltr'><strong>tm</strong></span> <span class='ocrx_word' id='word_1_247' title='bbox 897 3765 934 3808; x_wconf 74' lang='lat' dir='ltr'><strong>tta</strong></span> <span class='ocrx_word' id='word_1_248' title='bbox 947 3763 1051 3817; x_wconf 58' lang='lat' dir='ltr'><strong>aarum</strong></span> <span class='ocrx_word' id='word_1_249' title='bbox 1066 3759 1288 3808; x_wconf 69' lang='lat' dir='ltr'><strong>marrianam</strong></span> 
     </span>
     <span class='ocr_line' id='line_1_34' title="bbox 345 3833 1285 3900; baseline -0.005 -14"><span class='ocrx_word' id='word_1_250' title='bbox 345 3843 395 3886; x_wconf 77' lang='lat' dir='ltr'><strong>here</strong></span> <span class='ocrx_word' id='word_1_251' title='bbox 405 3842 478 3897; x_wconf 77' lang='lat' dir='ltr'><strong>pinea.</strong></span> <span class='ocrx_word' id='word_1_252' title='bbox 531 3837 661 3886; x_wconf 77' lang='lat' dir='ltr'><strong>²ouratus</strong></span> <span class='ocrx_word' id='word_1_253' title='bbox 672 3839 700 3886; x_wconf 80' lang='lat'><strong>0.</strong></span> <span class='ocrx_word' id='word_1_254' title='bbox 767 3836 777 3865; x_wconf 83' lang='lat'>⁸</span> <span class='ocrx_word' id='word_1_255' title='bbox 792 3838 875 3900; x_wconf 84' lang='lat' dir='ltr'><strong>-deng</strong></span> <span class='ocrx_word' id='word_1_256' title='bbox 885 3839 928 3898; x_wconf 81' lang='lat' dir='ltr'><strong>N;</strong></span> <span class='ocrx_word' id='word_1_257' title='bbox 944 3839 1021 3899; x_wconf 81' lang='lat' dir='ltr'><strong>-begn</strong></span> <span class='ocrx_word' id='word_1_258' title='bbox 1033 3835 1083 3898; x_wconf 84' lang='lat' dir='ltr'><strong>B²;</strong></span> <span class='ocrx_word' id='word_1_259' title='bbox 1100 3838 1246 3898; x_wconf 73' lang='lat' dir='ltr'><strong>beadubepn</strong></span> <span class='ocrx_word' id='word_1_260' title='bbox 1258 3833 1285 3881; x_wconf 81' lang='lat' dir='ltr'><strong>C.</strong></span> 
     </span>
     <span class='ocr_line' id='line_1_35' title="bbox 344 3915 1087 3978; baseline 0.003 -14"><span class='ocrx_word' id='word_1_261' title='bbox 344 3916 353 3944; x_wconf 83' lang='lat'>⁴</span> <span class='ocrx_word' id='word_1_262' title='bbox 372 3918 471 3978; x_wconf 85' lang='lat' dir='ltr'><strong>-eoepit</strong></span> <span class='ocrx_word' id='word_1_263' title='bbox 483 3917 517 3965; x_wconf 80' lang='lat' dir='ltr'><strong>M.</strong></span> <span class='ocrx_word' id='word_1_264' title='bbox 528 3916 556 3965; x_wconf 83' lang='lat' dir='ltr'><strong>G.</strong></span> <span class='ocrx_word' id='word_1_265' title='bbox 657 3917 666 3945; x_wconf 73' lang='lat'>⁵</span> <span class='ocrx_word' id='word_1_266' title='bbox 682 3917 798 3966; x_wconf 89' lang='lat' dir='ltr'><strong>-berohti</strong></span> <span class='ocrx_word' id='word_1_267' title='bbox 810 3916 838 3967; x_wconf 85' lang='lat'><strong>0.</strong></span> <span class='ocrx_word' id='word_1_268' title='bbox 938 3916 948 3946; x_wconf 83' lang='lat'>⁸</span> <span class='ocrx_word' id='word_1_269' title='bbox 963 3916 1040 3966; x_wconf 82' lang='lat' dir='ltr'><strong>-oiles</strong></span> <span class='ocrx_word' id='word_1_270' title='bbox 1051 3915 1087 3966; x_wconf 74' lang='lat' dir='ltr'><strong>M.</strong></span> 
     </span>
    </p>
   </div>
   <div class='ocr_carea' id='block_1_11' title="bbox 0 0 1444 4334">
    <p class='ocr_par' dir='ltr' id='par_1_11' title="bbox 0 0 1444 4334">
     <span class='ocr_line' id='line_1_36' title="bbox 0 0 1444 4334; baseline 0 0"><span class='ocrx_word' id='word_1_271' title='bbox 0 0 1444 4334; x_wconf 95' lang='lat' dir='ltr'><strong> </strong></span> 
     </span>
    </p>
   </div>
  </div>
 </body>
</html>
