2859 4334
321 214 386 283 376
614 217 773 287 Historia
795 218 968 288 Artacana

321 397 474 471 parentes,
505 394 760 473 quamprimum
784 400 874 475 partu
897 395 1045 471 fuderint,
1069 416 1142 458 eum
1162 395 1270 476 princi·

321 490 409 570 pium
428 492 598 555 liberorum
616 516 745 555 suorum
764 516 956 574 cognoscere,
972 499 1005 558 et
1017 497 1146 557 cacteris
1160 497 1196 557 in
1209 516 1271 575 pcr-

322 591 428 652 tienda
441 612 498 652 sua
510 592 666 654 hereditat
652 596 684 654 te
698 594 936 672 praeferendum
949 596 1063 656 ducere
1076 596 1201 657 solent’

151 703 279 748 unacco-
367 709 411 751 12.
436 690 545 768 Neque
565 692 692 752 hoct
644 712 678 753 re
678 693 847 769 ticendum,
870 696 953 772 quod
975 695 1162 755 uenerabilis
1182 694 1273 754 abbas

149 763 204 867 {3¹¹
201 762 290 868 361,
290 774 307 818 ³
324 790 513 850 Benedictus
525 790 564 851 ad
576 792 815 868 temperandum
825 812 898 870 sepe
910 793 1021 871 longae
1035 794 1138 854 noctis
1146 794 1273 863 tedium,

150 894 214 929 ¹¹⁰⁵*
324 908 418 967 quam
453 908 527 966 prae
561 889 757 951 infirmitatis
794 911 888 952 onere
921 893 1051 953 ducebat
1086 893 1272 965 insomnem,

324 989 473 1049 aduocato
503 988 623 1064 lectore,
654 990 707 1050 uel
737 990 898 1068 exemplar
927 992 1097 1069 patientiae
1125 991 1193 1066 Iob,
1225 989 1275 1051 uel

324 1086 410 1147 aliud
438 1087 513 1164 quid
541 1088 765 1165 scripturarum
793 1110 854 1167 quo
881 1091 1095 1151 consolaretur
1120 1093 1272 1168 aegrotus,

326 1206 389 1264 quo
403 1186 567 1264 depressus
585 1188 620 1246 in
639 1187 758 1248 infimis
774 1188 915 1249 uiuacius
932 1189 971 1249 ad
991 1208 1128 1267 superna
1148 1190 1276 1267 erigere·
1401 1175 1402 1200 ¹

326 1288 378 1345 tur
388 1284 406 1359 ¹,
431 1304 534 1345 coram
558 1306 592 1345 se
612 1286 735 1347 recitari
755 1286 881 1347 iubebat
890 1287 910 1349 ¹.
953 1288 995 1348 Et
1010 1288 1082 1364 quia
1096 1288 1277 1349 nullatenus
1401 1267 1402 1326 Ὗ

326 1385 366 1445 ad
387 1385 540 1445 orandum
558 1404 691 1462 surgere,
708 1405 774 1445 non
793 1385 884 1446 facile
899 1386 939 1447 ad
958 1387 1149 1463 explendum
1169 1386 1278 1447 solitae

325 1479 516 1561 psalmodiae
536 1504 662 1543 cursum
685 1483 828 1561 linguam
849 1504 998 1546 uocemue
1019 1488 1140 1563 poterat
1163 1485 1275 1559 leuare,
1401 1559 1402 1562 Ἴ

328 1582 437 1643 didicit
465 1582 514 1642 uir
541 1584 687 1659 prudens,
711 1583 843 1645 affectu³
871 1584 1031 1663 religionis
1051 1585 1198 1659 dictante,
1221 1603 1276 1661 per

328 1682 468 1759 singulas
497 1681 628 1742 diurnae
655 1682 722 1742 siue
744 1686 914 1743 nocturnae
940 1683 1088 1745 orationis
1110 1684 1205 1744 horas
1226 1682 1278 1743 ali·

329 1800 406 1857 quos
426 1780 465 1841 ad
486 1798 520 1840 se
535 1781 669 1841 fratrum
689 1801 806 1857 uocare,
824 1781 939 1859 quibus
958 1782 1097 1860 psalmos
1116 1782 1279 1842 consuetos

329 1879 449 1941 duobus
471 1879 506 1939 in
531 1879 632 1939 choris
653 1881 880 1953 resonantibus,
903 1883 937 1941 et
959 1882 1026 1959 ipse
1047 1901 1121 1941 cum
1144 1883 1191 1942 eis
1210 1900 1279 1958 qua·

330 1984 423 2040 tenus
436 1980 558 2055 poterat
571 1978 742 2055 psallendo,
756 1980 838 2057 quod
852 2000 954 2057 perse
968 1980 1072 2041 solum
1085 1980 1276 2057 nequiuerat,
1401 2005 1402 2010 ¹

330 2098 439 2139 eorum
453 2076 614 2137 iuuamine
627 2078 794 2156 suppleret.
1401 2145 1402 2154 ,

375 2194 420 2252 13.
444 2177 490 2236 At
510 2174 565 2235 ubi
585 2182 705 2252 uterquc
724 2177 820 2238 abbas
843 2177 996 2239 lassatus⁴
1021 2180 1196 2254 infimitate
1219 2176 1281 2238 diu·

331 2274 405 2349 tina,
423 2274 486 2333 iam
507 2292 541 2333 ee
560 2274 655 2333 morti
673 2271 677 2347 1
697 2273 845 2348 uicinum,
863 2295 920 2336 nec
941 2277 1076 2355 regendo
1092 2275 1281 2336 monasterio
1294 2287 1309 2331 ι
1320 2296 1361 2339 u·
1401 2323 1402 2342 ,

274 2366 276 2369 ¹
333 2374 481 2433 idoneum
509 2372 575 2431 fore
602 2373 784 2449 conspexit3
819 2377 906 2434 tanta
932 2394 1069 2452 namque
1096 2394 1151 2435 eos
1180 2374 1281 2434 affecit
1401 2375 1402 2450 l

333 2472 501 2533 infirmitas
522 2472 631 2546 carnis,
653 2474 689 2531 ut
709 2472 910 2548 perficeretur
930 2474 966 2533 in
979 2474 1026 2533 eis
1040 2474 1141 2533 uirtus
1154 2472 1279 2546 christi,
1295 2478 1377 2552 4¹²0*
1401 2493 1403 2598 p

335 2576 371 2633 ut
393 2592 464 2631 cum
490 2572 623 2647 quadam
652 2570 701 2630 die
726 2571 995 2632 desiderantibus³
1017 2572 1063 2632 eis
1082 2592 1116 2631 se
1136 2572 1278 2643 inuicem,
1295 2554 1355 2588 Μ
1401 2603 1402 2660 3

333 2672 514 2750 priusquam
530 2670 568 2729 de
581 2669 641 2729 hoo
658 2670 780 2729 saeculo
797 2671 976 2748 migrarent,
994 2671 1099 2731 uidere
1112 2674 1144 2731 et
1157 2670 1281 2748 alloqui,

242 2802 294 2833 are«
338 2770 492 2848 sigfridus
517 2770 551 2829 in
575 2768 689 2829 feretro
717 2768 931 2846 deportaretur
951 2772 991 2830 ad
1013 2769 1202 2843 cubiculum,
1232 2767 1284 2828 ubi
1401 2851 1402 2856 η

338 2869 526 2930 Benedictus
546 2870 577 2927 et
596 2868 663 2944 ipse
684 2887 740 2929 suo
760 2868 878 2928 iacebat
896 2868 931 2928 in
949 2868 1084 2946 grabato,
1102 2869 1207 2945 eisque
1224 2886 1285 2927 uno
1401 2895 1402 2898 ¹

338 2970 371 3029 in
385 2968 453 3028 loco
468 2965 684 3027 ministrorum
699 2986 796 3026 manu
810 2966 986 3044 conpositis,
1003 2968 1112 3043 caput·
1125 2967 1285 3043 utriusque

338 3069 371 3129 in
399 3068 508 3127 eodem
536 3065 676 3125 ceruicali
698 3065 860 3140 locaretur,
890 3065 1075 3126 lacrimabili
1102 3063 1281 3143 spectaculo,
1401 3128 1402 3133 η

338 3189 396 3229 neo
409 3170 533 3228 tanum
547 3166 682 3231 habuere
697 3164 823 3241 uirium,
846 3168 883 3225 ut
900 3166 1043 3244 proprius
1059 3165 1161 3243 posita
1178 3184 1231 3225 ora
1247 3162 1284 3223 ad

338 3266 542 3328 osculandum
570 3282 603 3324 se
631 3264 816 3324 alterutrum
844 3264 1031 3341 coniungere
1063 3266 1201 3340 possent,
1234 3262 1286 3321 sed

340 3369 371 3427 et
388 3366 447 3426 hoo
468 3366 604 3424 fraterno
626 3364 853 3441 conpleuerunt
868 3362 987 3438 offici03
1007 3364 1097 3423 inttn'
1116 3362 1287 3423 Benedictus
1300 3375 1353 3421 nis

339 3483 406 3526 rum
433 3484 477 3537 eo,
501 3482 635 3539 cumque
661 3460 818 3522 uniuersis
838 3462 990 3537 fratribuc
1015 3460 1134 3522 salubri
1160 3461 1284 3530 mettio,
1301 3427 1382 3540 {²⁰²³

339 3563 429 3625 acciit
462 3562 607 3622 abbatem
637 3560 826 3637 Geclsn'dwa,
857 3579 952 3637 quem
985 3559 1173 3621 monasterio
1206 3556 1287 3619 besti

376 3728 519 3789 ¹erigstur
530 3724 628 3787 H,.a¹.
704 3724 840 3775 ’uidebat
851 3726 882 3774 B.
958 3724 1056 3775 ⁸·tum
1068 3726 1117 3791 11,
1192 3723 1285 3773 ‘am-

341 3801 437 3855 tusn¹.
516 3804 693 3865 ⁵·ratusH,;
709 3804 1042 3867 -rassentA,cmttttaaeis.
1121 3802 1233 3867 ‘capud
1244 3802 1287 3862 11,

340 3880 552 3945 'initoergom
