2859 4334
319 262 386 325 374
617 257 776 325 Historia
798 254 972 323 Athacum

319 433 414 495 simul
448 436 479 493 et
514 432 648 493 fratrum
683 430 712 492 ei
746 432 985 493 commissorum
1013 432 1170 490 cateruam
1205 446 1270 487 non

318 552 456 610 paucam,
473 552 528 609 per
543 526 655 592 cuncte
675 532 836 608 grassante
849 532 1024 606 pestilentia,
1041 529 1103 589 iam
1121 527 1271 604 migrasse

145 640 298 686 Eleetionof
319 632 358 692 de
393 632 523 692 saeculo.
568 632 628 692 Sed
662 632 770 691 aderet
797 634 831 691 at
864 629 1012 704 solamen,
1044 631 1115 704 quia
1141 628 1177 687 in
1204 626 1271 687 loeo

145 700 278 814 gfflfm
319 727 536 805 AEosterwyni¹
556 732 662 791 uirum
686 748 784 805 aeque
805 728 1093 789 reuerentissimuin
1114 746 1151 785 ac
1173 725 1272 785 mitis

144 818 242 922 {ff
319 828 437 889 simum
465 829 504 888 de
542 827 732 888 monasterio
747 827 878 903 eodem,
902 825 1103 903 Sicpsridwn²
1124 824 1271 885 uidelicet

320 928 482 1000 diaconum,
499 927 650 987 electione
666 929 807 1001 fratrum
822 945 951 986 suorum
964 925 1060 985 simul
1075 928 1107 984 et
1120 926 1272 985 coabbatis

320 1026 387 1085 eius
422 1027 570 1101 (leutfridi,
609 1044 683 1085 mox
717 1024 924 1086 substitutum
963 1023 1130 1100 cognouit;
1170 1025 1271 1083 uirum

318 1124 446 1184 scientia
473 1124 599 1201 quidem
627 1126 843 1198 scripturam
866 1122 1055 1183 sufficienter
1081 1122 1267 1194 irrstnrcturr,

319 1222 459 1283 moribus
486 1222 613 1299 optimis
640 1224 795 1298 ornatum,
818 1223 896 1282 mim
921 1220 1128 1281 abstinentiae
1152 1219 1271 1279 uirtute

318 1322 500 1399 praeditum,
518 1322 572 1381 sed
590 1321 627 1381 cd
647 1320 821 1381 custodiam
838 1320 993 1381 uirtutum
1011 1320 1119 1392 animi,
1136 1318 1271 1396 eorporis

318 1418 502 1479 infirmitate
519 1414 523 1497 l
543 1438 607 1478 non
634 1417 767 1479 minime
794 1419 984 1496 depressum,
1009 1418 1361 1483 aucensem-21³¹·-
1414 1443 1415 1480 i

318 1517 390 1577 dam
413 1517 513 1577 cordis
533 1516 747 1577 innocentiam
768 1516 880 1577 nociuo
900 1520 933 1577 et
953 1516 1183 1577 inremediabili
1202 1515 1271 1594 pul·

318 1634 450 1677 monum
464 1616 542 1675 uitio
556 1616 760 1676 laborantem.

144 1720 299 1791 Sicknessof
364 1733 408 1773 11.
433 1714 497 1774 Nec
521 1713 623 1773 multo
647 1716 719 1790 post
740 1714 834 1775 etiam
856 1714 1046 1775 Benedictus
1069 1714 1137 1791 ipse
1163 1715 1272 1775 morbo

143 1780 266 1895 ,13388ῗέ
318 1812 418 1889 caepit
431 1812 597 1889 ingruente
615 1812 746 1889 fatigari.
807 1813 853 1873 Ut
870 1814 957 1873 enim
973 1815 1095 1873 tantam
1113 1813 1273 1890 religionis

144 1898 201 1943 Μ·
318 1910 501 1971 instantiam
524 1911 617 1971 etiam
641 1910 807 1988 patientiae
829 1910 931 1972 uirtus
950 1911 1096 1971 adiuncta
1116 1913 1269 1989 probaret

318 2009 425 2068 diuina
439 2012 606 2085 utrumque
619 2010 718 2085 pietas
732 2010 896 2086 temporali
912 2010 1089 2087 egritudine
1100 2011 1273 2088 prostrauit

316 2106 351 2166 iu
367 2107 506 2181 lectum;
526 2110 563 2167 ut
583 2110 654 2184 post
675 2107 886 2185 egritudinem
906 2112 1009 2169 morte
1029 2109 1185 2169 deuictam
1204 2130 1272 2187 per

315 2208 409 2281 petua
429 2222 580 2281 supernae
600 2204 684 2282 pacis
704 2208 738 2265 et
759 2206 839 2266 lucis
858 2207 963 2283 quiete
983 2207 1144 2269 refoueret
1189 2208 1273 2269 Nam

316 2307 349 2361 et
370 2303 524 2379 Sigfridus
534 2305 553 2377 ⁴,
577 2306 614 2363 ut
635 2303 780 2379 diximus,
805 2304 899 2382 longa
918 2306 1104 2366 interiorum
1128 2306 1273 2367 molestis

316 2401 483 2478 castigabis
504 2402 589 2462 diem
609 2403 755 2478 peruenit
774 2404 812 2466 ad
833 2403 1003 2479 ultimum
1031 2408 1064 2464 at
1081 2405 1273 2469 Benedictus

315 2518 372 2574 per
401 2500 572 2559 triennium
600 2500 751 2577 languora
778 2502 932 2578 paulatim
959 2503 1156 2564 adcrescente
1183 2508 1274 2567 tanta

316 2597 442 2672 paralisi
464 2598 634 2658 dissolutus
651 2601 706 2673 est,
724 2602 761 2659 ut
776 2600 817 2659 ab
837 2600 925 2660 omni
940 2621 1068 2677 prorsus
1085 2602 1273 2663 inferiorum

316 2694 529 2755 membrorum
544 2697 642 2756 factus
656 2696 699 2756 sit
712 2699 800 2773 parte
819 2702 1045 2775 praemortuus,
1062 2700 1274 2777 superioribus

316 2793 428 2867 solum,
453 2794 521 2854 sine
542 2814 675 2871 quorum
696 2795 764 2855 uita
783 2796 891 2857 uiuere
910 2798 1023 2874 nequit
1036 2798 1141 2873 homo,
1157 2800 1197 2859 sd
1211 2800 1276 2859 offi-

317 2891 400 2951 cium
414 2892 582 2967 patientiae
596 2893 808 2971 uirtutemque
827 2897 1010 2971 reseruatis;
1031 2898 1200 2958 studebant
1219 2898 1274 2959 in·

318 2988 425 3049 dolore
453 3008 566 3065 semper
590 2992 740 3051 Auctori⁶
764 2995 880 3068 pretias
913 2994 1035 3069 referre,
1065 3014 1189 3073 semper
1214 2998 1275 3059 Dei

179 3107 197 3138 n
231 3096 251 3141 ὀ
264 3098 282 3141 ἐ
318 3086 462 3147 laudibus
503 3088 688 3148 fraternisue
731 3089 909 3152 hortatibus
952 3113 1069 3154 uacare.
1128 3096 1274 3173 Agebat¹

143 3165 187 3253 “0
277 3240 286 3250 ,
317 3184 509 3245 Benedictus
530 3186 734 3247 aduenientes
757 3189 863 3265 sepius
883 3192 923 3250 ad
950 3210 985 3251 se
1007 3192 1120 3252 tratres
1140 3194 1180 3253 de
1207 3214 1276 3254 cue

143 3281 195 3314 Μ·
317 3283 471 3357 todienda,
507 3292 601 3360 qunfm
632 3288 792 3360 statuerat,
822 3289 930 3364 regula
958 3290 1105 3351 firmare:
1143 3291 1275 3369 ‘Neque

315 3380 401 3439 enim
415 3385 524 3457 putare
538 3382 680 3458 habetis,'
694 3383 809 3461 inquit,
829 3388 931 3463 ‘quod
945 3408 983 3447 ex
1001 3408 1074 3449 meo
1094 3389 1172 3449 haec
1192 3411 1275 3467 quse
1291 3412 1388 3456 esum.

314 3478 404 3537 uobis
429 3480 525 3539 statui
549 3479 671 3540 decreta
692 3481 838 3543 indoctus
864 3486 957 3547 eorde
984 3487 1179 3563 protulerim.
1224 3490 1276 3550 Ex
1292 3475 1395 3528 ”⁰⁸³⁶

315 3576 407 3637 decem
431 3577 544 3655 quippe
569 3582 597 3638 et
619 3584 725 3655 septem
746 3586 933 3645 monasteriis
953 3604 1033 3661 quae
1055 3586 1139 3646 inter
1160 3586 1278 3665 longos

347 3731 528 3785 ¹eosterwini
547 3737 580 3787 D.
600 3736 629 3787 Ρ.
650 3740 690 3800 Β;
718 3742 810 3791 -uuini
832 3743 871 3804 ῦς
898 3745 984 3807 -wyni
1004 3746 1044 3806 Ἐς
1069 3748 1222 3797 testemini
1244 3756 1277 3799 Δ.

314 3808 442 3872 'siem
458 3814 552 3875 sig-D.
567 3815 596 3865 P.
608 3817 641 3866 B.
654 3818 682 3867 F.
760 3818 903 3872 'stada
963 3822 1085 3875 ‘sic-A.
1151 3825 1277 3877 'auum

314 3891 343 3939 in
356 3898 386 3942 Δ.
454 3896 548 3946 ‘auct
562 3899 686 3948 omnium
698 3898 740 3951 A’.
809 3900 1007 3968 'augebatH..
