2859 4334
423 176 624 265 Ecpbcctum
645 179 864 266 Episcopum.
1054 180 1119 244 415

169 350 296 428 uellere,
313 357 345 414 et
361 374 397 415 ea
417 376 496 433 quae
511 355 689 435 prouinciae
705 359 839 430 nostrae,
861 354 929 415 siue
946 354 1120 415 secundum

170 451 282 528 Deum,
300 453 369 514 sine
381 455 555 516 secundum
569 455 710 517 seculum
725 455 791 515 sint
809 454 908 529 utilis,
925 453 1119 531 prospicere3

169 550 228 609 ne¹
252 552 368 613 nostris
391 554 586 631 temporibus
609 554 662 615 uel
683 553 831 631 religione
857 555 1005 627 cessante,
1032 570 1121 612 arnor

169 650 326 727 timorque
346 650 464 713 interni
482 653 642 714 deseratur
662 652 927 731 inspectoris-nel
946 655 1122 713 rarescente

170 747 257 825 copia
273 748 406 811 militiae
422 751 575 827 secularis,
592 752 696 813 absint
712 752 767 831 qui
785 752 866 812 lines
882 753 1008 811 nostros
1024 771 1043 811 a
1058 750 1123 811 ban

169 844 273 908 barics
304 848 482 911 incursione
511 853 667 913 tueantur.
726 851 816 927 Quod
843 850 931 911 enim
956 853 1057 930 turpe¹
1076 850 1124 910 est

171 944 281 1021 dicere,
306 950 356 1007 tot
380 947 439 1008 sub
465 949 593 1010 nomine
617 950 879 1011 monasteriomm
902 949 970 1010 loce
989 948 1044 1024 hii,
1067 947 1123 1025 qui

171 1043 389 1107 monachicae'
416 1046 499 1108 uitae
526 1067 652 1127 prorsus
682 1052 760 1109 sunt
791 1051 940 1126 expertes,
967 1048 1002 1108 in
1032 1066 1131 1108 isurunv

171 1142 327 1205 dicionem
347 1150 539 1223 acceperunt,
558 1148 640 1209 sicut
659 1148 721 1226 ipsi
741 1147 857 1210 melius
876 1147 984 1223 nostis,
1003 1150 1040 1207 ut
1059 1165 1124 1207 om·

171 1240 248 1302 nino
272 1242 354 1304 desit
378 1244 472 1319 locus,
500 1246 555 1306 ubi
579 1246 638 1307 filii
662 1247 819 1309 nobilium
842 1250 898 1307 sut
921 1245 1123 1306 ementorum

170 1340 311 1403 militum
336 1345 563 1422 possessionem
587 1345 725 1425 accipere
747 1346 890 1423 possint3
918 1344 1049 1422 ideoque
1071 1363 1121 1404 ua·

171 1442 277 1501 cantes
300 1461 335 1502 ac
360 1442 429 1505 sine
453 1444 606 1522 coniugio,
634 1448 742 1505 exacto
770 1447 910 1521 ternpore
936 1442 1119 1521 pubertatis,

172 1538 262 1599 nullo
275 1542 486 1605 continentiae
499 1542 659 1621 proposito
672 1541 852 1619 perdurent,
869 1543 962 1619 atque
981 1541 1062 1601 hanc
1082 1540 1123 1601 ob

171 1656 238 1697 rem
260 1639 312 1700 uel
332 1640 466 1717 patriam
486 1661 584 1715 suam,
603 1661 659 1719 pro
680 1640 765 1720 qus⁸
782 1639 919 1701 militare
939 1639 1121 1712 debuerunt,

171 1739 260 1798 trans
287 1758 374 1800 mare
396 1738 546 1801 abeuntes
569 1740 768 1819 relinquant3
796 1740 849 1801 uel
871 1738 987 1799 maiore
1008 1737 1123 1799 scelere

170 1837 285 1913 atque⁴
313 1837 515 1915 impudentia,
553 1839 608 1917 qui
641 1839 835 1917 propositum
869 1836 1020 1899 restituis
1057 1855 1123 1896 non

171 1932 298 2005 habent,
317 1936 458 1997 luxuriae
480 1957 515 1999 ac
535 1937 735 1998 fornicationi
756 1936 943 2012 deseruiant,
960 1955 1064 2013 neque
1083 1935 1124 1995 ab

172 2033 250 2112 ipsis
270 2036 398 2097 sacratis
418 2036 486 2097 Deo
504 2034 702 2116 {uirginibus
722 2036 910 2098 abstineant

215 2152 261 2194 12.
285 2136 332 2195 At
354 2135 408 2195 alii
432 2136 573 2215 vaniore
595 2136 698 2197 adhuc
721 2135 848 2214 flagitio,
872 2154 946 2196 cum
970 2135 1036 2194 sint
1060 2132 1121 2211 ipsi
1139 2146 1276 2193 chum

170 2231 255 2308 laici,
283 2236 316 2295 ec
341 2235 432 2296 nuno
458 2234 541 2296 uiae
565 2234 715 2313 νομική,
743 2234 796 2295 uu
822 2254 883 2295 usu
907 2233 1041 2307 exemia
1068 2231 1121 2293 uu
1137 2206 1270 2311 m,

170 2350 278 2393 amore
297 2333 438 2410 praediti,
456 2335 528 2395 date
547 2334 673 2412 regibus
692 2332 834 2413 pecnnia,
850 2334 963 2393 emunt
981 2331 1042 2393 sibi
1061 2332 1122 2392 sub
1138 2328 1228 2372 ments

171 2433 332 2505 praetextu
358 2433 638 2494 construendorum
660 2432 942 2493 monasteriomm⁵
966 2430 1123 2491 territoria

170 2528 205 2587 in
221 2528 334 2607 quibus
354 2551 428 2591 suae
441 2530 570 2591 liberius
583 2534 695 2592 uacent
708 2530 842 2607 libidini,
860 2533 892 2591 et
905 2529 979 2591 haec
993 2530 1124 2607 insuper

171 2626 206 2685 in
234 2627 283 2689 ius
310 2628 370 2689 sibi
396 2628 640 2691 haereditarium
667 2628 823 2707 regalibus
845 2628 976 2689 edictis‘
1003 2629 1123 2689 iaciunt

170 2727 306 2802 asscribi,
334 2727 417 2807 ipsse
441 2747 565 2806 quoqne
592 2726 712 2788 litteras
735 2726 971 2805 priuilegiorum
992 2746 1121 2788 suorum

172 2825 260 2902 quasi
283 2826 435 2887 ueraciter
455 2827 521 2888 Deo
546 2826 664 2904 dignes,
689 2826 884 2903 pontificum,
909 2826 1066 2900 cbbstum,
1090 2828 1123 2886 et

171 2928 362 3002 potestatum
385 2924 481 2986 seculi
507 2925 651 2986 obtinent
678 2924 905 3002 subscriptione
932 2924 1119 2986 confirmari.

173 3023 284 3100 Sicque
302 3024 460 3103 usurpetis
481 3024 538 3085 sibi
560 3022 706 3102 agellulis
719 3024 788 3083 siue
801 3022 888 3097 uicis,
905 3023 997 3083 liberi
1010 3022 1123 3084 exinde

172 3142 190 3182 a
211 3122 320 3183 diuino
340 3122 435 3184 simul
455 3125 487 3184 et
507 3122 647 3183 humano
667 3121 806 3197 semitio,
822 3122 888 3183 suis
900 3125 1027 3183 tantum
1044 3121 1123 3182 inibi

173 3220 341 3292 desideriis,
350 3220 423 3281 laici
431 3220 592 3283 monachis
600 3220 798 3298 imperantes,
810 3220 1006 3296 deseruiunt3
1024 3220 1124 3281 immo

173 3338 238 3380 non
266 3320 435 3381 monachos
462 3320 509 3380 ibi
540 3323 737 3397 congregant,
767 3320 822 3380 sed
853 3339 1057 3397 quoscunque
1083 3318 1123 3380 ob

173 3420 299 3497 culpam
313 3419 559 3481 inoboedientiae
577 3418 660 3480 ueris
679 3418 845 3497 expuls0s⁷
859 3419 1059 3480 monasteriis
1072 3418 1125 3480 ali·

173 3519 246 3581 cubi
254 3517 334 3581 forte
342 3518 522 3579 oberrantes
530 3516 716 3593 inuenerint,
728 3521 783 3578 aut
791 3536 918 3579 euocare
927 3518 1124 3579 monasteriis

206 3690 373 3744 ¹necaall.
515 3689 688 3742 'monutlce
699 3691 736 3743 M.
879 3689 1018 3756 'proque
1028 3708 1075 3742 cm.
1087 3691 1124 3743 ll.

174 3770 183 3799 ⁴
200 3770 243 3819 uel
257 3769 293 3821 ll.
469 3770 479 3801 ¹
494 3785 566 3821 mon.
579 3774 663 3821 const.
676 3768 713 3821 ll.
886 3771 897 3802 ⁸
912 3770 1011 3821 edlctls
1022 3786 1076 3835 reg.
1087 3770 1124 3822 ll.

174 3847 184 3878 ²
202 3850 236 3898 -si
248 3848 285 3899 ll.
