2859 4334
146 227 415 295 cn.xx1[xxnl].]
455 219 570 286 Gentis
592 219 797 305 Asparem.
1029 224 1093 286 255

145 395 290 455 (lantiam
303 396 341 456 ed
356 397 620 473 archiepiscopum
638 396 745 456 beatae
762 395 986 456 recordationis
999 397 1096 456 Theo·

145 493 277 568 dorum;
306 494 361 554 ubi
389 498 553 572 postquam
580 494 763 571 aliquandiu
788 493 975 554 lectionibus
999 494 1094 554 sacris

146 592 276 667 uacauit,
294 593 390 654 etiam
404 594 537 654 Romam
550 593 635 654 adire
650 593 779 668 curauit,
796 593 879 669 quod
897 614 932 653 ao
952 596 1093 669 tempore

145 711 277 768 magnae
302 693 429 752 uirtutis
450 693 693 766 aestimabatur;
723 691 851 753 atinde
875 692 1095 780 oumurediens

146 789 336 850 Brittaniam
346 791 469 866 adisset,
483 791 612 851 diuertit
622 792 660 851 ad
672 790 866 867 prouinciam
877 790 1091 863 Huicciorum‚
1175 842 1178 856 ,

145 888 195 948 cui
209 892 286 948 tunc
300 908 355 948 rex
369 889 457 950 Osric
476 890 609 966 praefuit
623 912 630 964 ;
651 890 757 966 ibique
774 889 906 949 uerbum
921 889 994 948 fidei
1008 909 1093 965 prae·

145 987 260 1062 dicans,
290 988 386 1048 simul
409 991 440 1048 et
467 989 645 1065 exemplum
667 987 796 1048 uiuendi
820 1007 888 1047 sese
911 987 1094 1048 uidentibus

144 1089 238 1162 amus
264 1087 465 1148 audientibus
492 1087 650 1161 exhibens,
675 1086 778 1147 multo
800 1090 940 1163 tempore
966 1086 1090 1147 mansit

146 1183 214 1258 Quo
224 1189 363 1262 tempore
373 1186 503 1246 antistes
511 1185 688 1262 prouinciae
698 1185 794 1261 illius,
807 1185 957 1245 uocabulo
969 1184 1062 1244 Bosel
1071 1183 1090 1258 ¹,

147 1287 235 1346 tanta
255 1287 321 1344 erat
342 1285 476 1361 corporis
497 1284 681 1344 infirmitate
704 1286 876 1361 depressus,
901 1286 937 1343 ut
958 1283 1093 1344 officium

146 1385 340 1461 episcopatus
361 1403 417 1460 per
437 1403 470 1442 se
491 1383 611 1460 inplere
632 1403 696 1442 non
716 1385 840 1460 posset3
867 1383 1093 1460 propterquod

146 1483 290 1542 omnium
311 1482 425 1542 iudicio
444 1483 599 1558 praefatus
622 1482 673 1541 uir
694 1481 728 1540 in
749 1481 961 1558 episcopatum
982 1500 1037 1557 pro
1059 1501 1095 1540 eo

146 1583 273 1655 electus,
303 1601 338 1640 ac
365 1581 492 1640 iubente
520 1579 706 1642 Aedilredo²
736 1600 808 1657 rege
838 1600 894 1657 per
922 1580 1094 1639 Uilfridum

146 1680 254 1742 beatae
273 1679 440 1740 memorias
456 1679 640 1754 antistitem,
657 1679 712 1756 qui
733 1683 808 1739 tunc
830 1679 979 1755 temporis
996 1679 1094 1738 Medi·

146 1783 359 1840 terraneorum
370 1777 548 1855 Anglorum
559 1778 773 1855 episcopatum
785 1778 919 1855 gerebat,
933 1777 1094 1838 ordinatus

146 1881 214 1952 est;
235 1897 292 1954 pro
315 1898 359 1949 eo,
386 1879 469 1954 quod
488 1877 737 1954 archiepiscopus
759 1877 940 1937 Theodorus
961 1877 1025 1936 iam
1047 1877 1095 1936 de·

145 1978 275 2038 functus
285 1980 359 2052 erat,
371 1979 402 2036 et
412 1977 546 2036 necdum
554 1976 635 2036 alius
644 1997 700 2054 pro
708 1997 744 2036 oo
753 1976 916 2036 ordinatus
923 1975 1092 2053 episcopua

145 2075 187 2136 ln
203 2095 297 2152 quam
311 2074 457 2135 uidelicet
470 2075 663 2152 prouinciam
678 2074 771 2152 paulo
790 2078 873 2150 ante,
889 2075 948 2133 hoo
961 2077 1096 2134 estante

145 2174 322 2251 praefatum
344 2173 448 2234 uirum
467 2174 526 2233 Dei
541 2173 700 2248 Boselum,
718 2174 768 2232 uir
785 2173 1021 2234 strenuissimus
1039 2172 1095 2232 ac'

145 2273 346 2334 doctissimus
356 2277 449 2349 atque
460 2271 640 2332 excellentis
648 2271 769 2350 ingenii
779 2271 931 2332 uocabulo
942 2270 1063 2331 Tatfrid
1072 2273 1092 2345 ⁴,

146 2367 185 2428 de
199 2367 340 2428 ciusdem
354 2367 526 2428 abbatissae
542 2367 733 2427 monasterio
746 2367 865 2427 electus
881 2370 929 2426 est
943 2365 1096 2440 antistes3

145 2467 209 2540 ssd,
227 2465 408 2544 priusquam
429 2465 566 2526 ordinari
584 2468 696 2542 posset,
714 2468 817 2525 morte
833 2465 992 2525 inmatura
1009 2484 1096 2542 prae·

145 2566 254 2643 reptus
268 2567 323 2626 est

187 2663 261 2724 Non
274 2662 378 2722 solum
392 2681 465 2738 ergo
479 2661 616 2739 praefata
630 2661 749 2723 Christi
762 2661 884 2722 ancella
897 2664 929 2722 et
942 2661 1097 2722 abbatissa

146 2762 235 2836 Hild,
257 2780 352 2838 quarn
372 2781 490 2834 omnes,
513 2760 568 2838 qui
588 2764 748 2835 nouerant,
770 2761 809 2820 ob
829 2761 953 2838 insigne
973 2760 1098 2837 pietatis

145 2864 177 2922 et
191 2861 308 2938 gratiae
323 2861 457 2920 matrem
468 2877 578 2919 uocare
588 2862 783 2933 consuerant,
797 2859 832 2918 in
842 2879 899 2919 suo
909 2859 1097 2920 monasterio

144 2959 230 3020 uitae
244 2958 386 3034 exemplo
400 2956 614 3034 praesentibus
628 2957 734 3017 extitit
747 2979 755 3032 ;
776 2957 830 3017 sed
844 2957 939 3018 otiam
952 2958 1099 3034 plurimis

144 3057 240 3135 longa
254 3059 261 3082 '¹
274 3056 483 3130 manentibus,
498 3057 536 3116 ad
551 3075 630 3132 quos
640 3056 715 3115 felix
730 3055 905 3117 industriae
919 3076 954 3116 ac
968 3056 1097 3116 uirtutis

144 3156 214 3216 eius
229 3175 337 3216 rumor
349 3155 501 3233 peruenit,
519 3153 710 3215 occasionem
725 3154 838 3215 salutis
850 3158 882 3214 at
896 3155 1097 3214 correctionis

144 3253 348 3315 ministrauit.
403 3253 571 3330 Oportebat
606 3272 742 3330 namque
774 3253 890 3330 inpleri
923 3253 1093 3327 somnium,

1113 2675 1166 2720 Her
1175 2675 1238 2719 wide

1113 2735 1245 2780 influanco.

145 3354 230 3430 quod
259 3355 359 3412 mater
381 3351 449 3411 aius
478 3351 674 3428 Bregusuid⁸
693 3351 727 3411 in
752 3351 887 3412 infantia
913 3351 981 3411 eius
1004 3351 1093 3412 uidit.
1217 3380 1220 3397 ·

146 3451 235 3530 Quae
249 3471 320 3511 cum
340 3450 390 3510 uir
406 3450 473 3510 aius
491 3449 643 3510 Hereric⁷
657 3449 795 3510 exularet
812 3451 872 3511 sub
885 3470 958 3528 rege
972 3451 1095 3511 Bretto

146 3571 226 3612 num
241 3549 375 3626 Oerdice,
393 3549 447 3609 ubi
461 3551 493 3609 et
507 3569 630 3608 ueneno
644 3549 745 3626 periit,
762 3549 843 3610 uidit
856 3569 912 3626 per
924 3549 1092 3623 somnium,

178 3733 186 3762 ¹
206 3732 290 3782 bossli
302 3731 325 3780 B
335 3743 344 3792 ι
360 3731 381 3794 ).
481 3729 491 3760 ¹
507 3731 587 3780 aobll·
598 3731 638 3781 0¹.
743 3731 753 3759 ¹
771 3734 798 3780 st
810 3731 848 3781 Μ.
952 3731 962 3760 ⁴
978 3731 1041 3780 -rrib
1054 3731 1094 3782 0¹.

144 3813 154 3842 ¹
171 3812 281 3874 longius
292 3810 312 3858 G
324 3825 331 3871 ;
348 3811 418 3874 -guia
429 3809 462 3859 N.
668 3809 679 3840 ⁸
696 3809 762 3858 suit
773 3809 794 3858 C
804 3825 812 3871 ;
828 3809 873 3860 uel
884 3811 1042 3860 beorhtsuid
1054 3809 1095 3861 B'.

142 3891 153 3920 ²
169 3890 273 3940 heririo
284 3889 318 3938 N.
