2859 4334
336 244 401 307 302
607 240 767 306 Historia
788 236 1020 304 Ecclesiastiaeo
1177 247 1239 312 [sn.
1251 248 1276 295 v.

336 416 397 476 alia
415 417 566 494 perplura,
585 436 663 494 quae
680 415 762 475 tanti
779 411 785 493 Ι
802 413 904 492 operis
924 412 1086 491 nogotium
1107 410 1274 488 quaerebat
1287 416 1360 469 ima

337 516 388 575 uel
405 516 450 576 ibi
469 514 584 577 disoeno
604 515 655 575 uel
673 514 747 575 inde
765 514 901 591 sooipero
921 512 1073 589 cupiebat
1118 511 1161 570 In
1175 510 1279 588 quibus

338 615 485 676 omnibus
499 635 571 675 oum
586 614 633 675 sui
649 613 716 673 uoti
731 632 858 689 compos
871 613 953 672 esset
965 612 1103 687 effeetus,
1120 610 1160 670 ad
1173 609 1280 687 praedi·

338 714 472 774 candum
487 714 587 775 rediit.

380 812 447 888 Quo
477 796 618 890 tempore
645 813 765 886 fratres,
796 810 851 889 qui
882 813 970 871 erant
999 810 1034 869 in
1063 808 1170 869 Fresia
1202 808 1282 868 uerbi

337 910 511 971 ministerio
530 910 706 988 mancipati,
724 911 886 987 elegemmt
903 929 941 969 ex
960 928 1017 968 suo
1036 928 1169 968 numero
1184 908 1283 967 uirum

338 1011 516 1071 modestum
541 1010 689 1079 moribus,
716 1012 748 1069 et
776 1011 977 1068 mansuetum
1002 1008 1102 1081 eorde,
1129 1006 1284 1067 Suidbem

338 1113 408 1169 tum
418 1109 435 1183 ¹,
461 1109 515 1185 qui
537 1108 582 1169 eis
602 1108 799 1169 ordinaretur
819 1107 957 1181 antistes,
981 1127 1076 1184 quem
1100 1105 1284 1166 Brittaniam

337 1208 530 1267 destinatum
548 1208 586 1268 ad
605 1206 791 1284 petitionem
810 1226 919 1266 eorum
938 1206 1095 1266 ordinauit
1108 1206 1285 1265 reuerentis

338 1308 438 1367 simus
459 1306 575 1366 Uilfrid
597 1306 767 1382 episeopus,
790 1304 844 1381 qui
865 1307 935 1364 tum
957 1304 1039 1364 forta
1059 1304 1161 1381 patria
1181 1303 1286 1380 pulsus

338 1406 372 1465 in
400 1404 585 1465 Marciorum
618 1403 797 1483 regionibus
827 1403 977 1463 exulabat.
1026 1402 1098 1488 Non
1133 1403 1222 1462 onim
1254 1422 1286 1461 eo

338 1507 477 1580 tempore
499 1502 631 1563 habebat
651 1503 831 1580 episcopum
852 1501 971 1578 Guntia,
992 1501 1139 1562 defimoto
1161 1501 1283 1579 quidem

337 1603 506 1677 Theodoro,
535 1602 588 1662 sed
617 1602 753 1661 noodum
778 1599 982 1662 Borotualdo²
1009 1620 1186 1661 successore
1210 1600 1278 1671 eius,

337 1702 391 1779 qui
406 1702 493 1761 trans
508 1720 593 1761 maro
606 1700 799 1787 ordinandus
812 1699 899 1775 ierat,
916 1701 956 1761 ad
969 1702 1078 1786 sedem
1091 1701 1280 1777 episooputm

337 1820 386 1859 sur
401 1819 531 1859 reuerso.

380 1898 440 1973 Qui
454 1898 601 1958 uidelicet
616 1898 797 1959 Suidberot³
811 1901 935 1975 aooepto
949 1898 1137 1976 episcopatu,
1155 1898 1195 1958 de
1207 1897 1280 1956 Brit

337 1998 425 2057 lania
443 2016 607 2074 regressus,
625 2017 690 2057 non
704 1997 808 2057 multo
825 1998 896 2073 post
914 1998 952 2057 ad
974 2000 1101 2075 gentem
1121 1997 1278 2056 Boruotua·

340 2116 445 2155 rorum
460 2096 593 2170 secessit,
613 2115 647 2155 ao
666 2094 784 2155 multos
803 2116 911 2155 eorum
929 2096 1135 2173 praedicando
1149 2096 1188 2155 ad
1202 2094 1275 2154 uiam

338 2193 479 2253 ueritatis
506 2194 658 2270 perduxit.
705 2195 766 2255 Sed
788 2194 994 2271 ‹supngnatis⁴
1015 2214 1080 2254 non
1100 2194 1192 2271 longo
1214 2194 1275 2270 post

336 2295 476 2369 tempore
499 2292 699 2352 Boructuoris
720 2312 739 2351 a
761 2295 855 2371 gente
878 2292 1092 2369 Antiquomm
1117 2294 1271 2362 Saxonum

337 2391 468 2467 dispersi
492 2392 567 2450 sunt
594 2391 734 2468 quolibet
761 2392 804 2465 hi,
831 2392 886 2468 qui
910 2391 1043 2451 uerbum
1069 2388 1275 2468 reoeperant';

338 2488 404 2565 ipse
431 2489 562 2549 antistes
589 2509 660 2548 oum
688 2490 876 2575 quibqsdam
904 2489 1076 2567 Pippinum
1106 2490 1201 2567 petiit
1228 2486 1275 2565 qui

338 2587 559 2664 interpellante
570 2588 811 2665 Bliththrydae⁶
822 2589 953 2666 ooniuge
966 2610 1031 2665 suo,
1044 2590 1131 2650 dedit
1141 2590 1170 2649 oi
1182 2589 1274 2649 locum

338 2686 511 2745 mansionis
521 2686 554 2745 in
566 2686 671 2745 insula
681 2687 817 2763 quadam
827 2687 931 2747 Hreni
940 2688 958 2761 ⁷,
973 2708 1052 2765 quae
1062 2686 1170 2767 lingua
1178 2705 1275 2747 eorum

338 2788 468 2844 uocatur
481 2784 521 2843 In
537 2784 647 2858 litors;
668 2785 702 2845 in
720 2806 782 2862 qua
800 2786 875 2863 ipso,
893 2790 1070 2847 constructo
1088 2785 1272 2854 monasterio,

338 2883 421 2959 quod
454 2884 606 2943 hactenus
638 2884 767 2945 heredes
798 2884 958 2961 possident
994 2886 1069 2959 eius,
1107 2883 1276 2963 aliquandiu

338 2982 642 3043 continentissimam
672 2984 770 3061 gessit
798 2983 906 3058 uitam,
930 2982 1036 3061 ibique
1065 2984 1150 3045 diem
1177 2982 1276 3043 clausit

338 3080 497 3141 ultimum.

166 3189 295 3233 Wilbrord
381 3181 553 3258 Postquam
582 3201 656 3241 uero
683 3202 741 3258 por
768 3202 868 3242 annos
895 3182 1014 3259 aliquot
1037 3182 1072 3242 in
1097 3183 1206 3254 Ebosia
1228 3178 1277 3257 qui

165 3262 277 3352 {322th
287 3312 314 3351 „t
338 3280 538 3355 aduenerant,
556 3282 736 3356 docuerunt,
760 3282 849 3342 misit
865 3281 982 3358 Pippin
998 3282 1127 3342 fauente
1145 3281 1276 3341 omnium
1399 3249 1400 3312 l

167 3370 251 3411 ΜΘ·
339 3398 491 3438 consensu
525 3379 630 3438 uirum
661 3380 872 3441 uenerabilem
904 3380 1112 3441 Uilbrordum
1145 3382 1273 3442 Romam.

339 3477 427 3536 ouius
447 3478 547 3537 adhuo
568 3478 786 3555 pontificatum
807 3479 934 3555 Sergius
954 3478 1096 3554 habebat,
1114 3478 1272 3557 postulans
1399 3513 1400 3560 q

339 3578 375 3635 ut
392 3576 493 3636 eidem
515 3578 686 3637 Fresonum
708 3577 795 3653 genti
816 3577 1064 3656 archiepisoopus
1080 3580 1271 3640 ordinaretur·

372 3738 380 3765 ¹
398 3741 549 3789 -berohtunr
562 3741 597 3801 0;
614 3744 743 3791 -birotum
755 3743 787 3793 N.
875 3740 885 3769 ¹
899 3744 1005 3792 berobt-
1015 3745 1045 3794 Ο.
1137 3742 1147 3770 ⁸
1163 3745 1225 3792 -bero
1236 3738 1258 3787 N
1268 3754 1274 3795 ἱ
1399 3723 1400 3742 ¹

339 3821 477 3949 lurifflihg
485 3823 515 3871 G.
587 3822 596 3850 ⁴
613 3824 716 3871 -nantis
729 3823 764 3872 M.
820 3822 830 3852 ⁵
845 3822 965 3887 ‘re'coep
975 3824 1012 3874 ll.
1068 3827 1079 3856 ⁸
1094 3824 1138 3874 -de
1149 3824 1185 3883 B;
1199 3822 1236 3869 -do
1246 3819 1273 3867 C.

480 3938 487 3951 ’
1399 3933 1400 3970 l
