2859 4334
367 224 431 286 194
634 221 792 286 Historia
813 219 1044 286 Ecclesiastico
1187 229 1284 294 [mut.

366 397 456 472 dinis,
469 396 685 470 continentiae,
699 394 916 472 simplicitatis,
928 397 959 454 et
969 393 1107 454 iustitiae
1117 393 1286 471 perfectione

366 497 460 557 Unde
474 499 505 556 et
519 497 605 573 genti
620 515 692 556 suae
707 499 738 555 et
748 495 821 569 illis,
838 494 872 553 in
887 493 1001 571 quibus
1016 493 1169 568 exulabat,
1185 491 1291 554 nationi·

366 596 426 655 bus
451 595 629 654 Scottorum
651 593 718 654 siue
741 594 910 668 Pictorum,
934 591 1097 670 exemplo¹
1122 592 1249 667 uiuendi,
1268 595 1290 650 et

366 694 515 754 instantia
529 693 667 768 docendi,
685 697 717 753 et
735 692 919 752 auctoritate
938 692 1133 770 corripiendi,
1149 697 1181 753 et
1198 693 1291 770 pietate

365 788 516 866 largiendi
540 787 578 847 de
603 788 661 862 his,
684 807 762 864 quae
780 807 799 847 a
820 786 973 846 diuitibus
993 790 1160 862 acceperat,
1176 786 1292 846 multum

365 887 489 964 profuit.
534 885 667 946 Addidit
681 888 786 946 autem
797 886 888 960 uotis,
901 904 979 961 quae
987 885 1132 959 diximus,
1144 887 1180 945 ut
1193 903 1294 960 semper

365 985 398 1044 in
420 985 517 1044 XLma
538 1005 601 1045 non
623 984 694 1062 plus
716 1003 810 1061 quam
833 983 931 1043 semel
952 983 987 1042 in
1012 983 1064 1043 die
1086 983 1231 1053 reficeret,
1245 1001 1293 1041 nou

364 1082 449 1143 aliud
474 1102 568 1160 quam
589 1103 702 1161 panem
725 1102 760 1141 ao
784 1082 830 1142 lac
850 1081 1082 1157 tenuissimum,
1104 1084 1137 1141 et
1161 1082 1217 1141 hoc
1237 1099 1295 1140 cum

364 1201 510 1242 mensura
523 1185 661 1258 gustaret
675 1204 691 1269 3·
704 1181 786 1258 quod
800 1179 946 1241 uidelicet
959 1181 1008 1240 lac
1021 1179 1122 1257 pridie
1140 1199 1253 1241 nouum
1268 1178 1295 1237 in

363 1281 434 1340 fiala
456 1301 571 1356 ponere
594 1279 721 1354 solebat,
743 1282 775 1339 et
795 1282 865 1356 post
886 1283 1011 1339 noctem
1031 1277 1134 1338 ablata
1154 1276 1296 1355 superficie

364 1380 519 1454 crassiore,
536 1380 603 1456 ipse
615 1378 775 1438 residuum
789 1398 861 1438 cum
875 1377 1005 1452 modico,
1022 1380 1059 1437 ut
1073 1377 1217 1450 dlximua
1232 1395 1297 1453 pone

364 1477 496 1538 bibebat
541 1478 637 1538 Cuius
651 1477 782 1537 modum
796 1477 1005 1537 continentiae
1025 1476 1122 1536 etiam
1135 1476 1193 1536 XL
1205 1474 1296 1536 diebos

364 1579 437 1635 ante
472 1575 576 1636 natale
610 1576 748 1651 Domini,
779 1575 911 1636 totidem
946 1595 1070 1653 quoque
1096 1578 1169 1654 post
1193 1575 1296 1652 parada

364 1675 527 1736 sollemnia
541 1679 742 1754 pentecostae,
762 1675 822 1735 hoc
843 1679 890 1735 est
907 1676 993 1751 Lm,
1011 1694 1136 1752 semper
1153 1674 1295 1735 obseruare

363 1774 494 1835 curabat.

702 1960 794 2021 OAP.
819 1960 975 2022 XXVIII.

367 2112 394 2156 t't
404 2111 510 2166 desum
518 2112 590 2162 Tude,
604 2107 707 2168 Uilsrt'd'
718 2115 745 2158 in
754 2113 838 2172 Gaulo,
851 2115 940 2159 Cendda
951 2115 1016 2170 apud
1025 2108 1192 2160 occidentales⁸
1200 2113 1294 2158 sarm

472 2192 498 2234 in
506 2191 656 2246 marineium
667 2191 916 2246 Nordaabymbromm
926 2193 976 2238 sint
985 2193 1090 2238 ordtauti
1100 2193 1203 2249 episcopt.

404 2304 544 2364 lurnnm
555 2325 608 2364 rex
619 2304 764 2365 Alchfrid
774 2308 783 2338 ⁴
794 2306 882 2366 misit
892 2306 1066 2367 Uilfridum
1075 2306 1086 2338 ²
1096 2308 1297 2386 presbytemm
1310 2318 1358 2364 rau

190 2397 273 2486 ἓξὲξ
288 2443 314 2486 ,n
362 2405 402 2464 ad
422 2424 526 2480 regem
550 2406 723 2479 Galliarum,
743 2404 798 2482 qui
822 2424 894 2465 eum
918 2406 978 2466 eibi
999 2405 1125 2483 suisque
1146 2391 1367 2467 consecrari⁰⁶¹¹‘

213 2515 228 2545 ἢ
257 2535 262 2554 2
362 2501 473 2562 faceret
488 2503 673 2580 episcopum.
718 2506 764 2564 At
783 2503 838 2563 ille
856 2505 943 2581 mier‘t
960 2525 1033 2565 eum
1052 2501 1299 2566 ordinandumad

362 2601 608 2677 Ayviloercctumz
626 2603 664 2661 de
683 2623 744 2680 quo
763 2621 857 2679 supra
874 2603 1018 2678 diximus,
1036 2604 1098 2681 qui,
1116 2605 1220 2664 relicta
1232 2601 1303 2663 Brit·

362 2701 454 2776 tania,
473 2702 642 2760 Parisiacae
657 2701 792 2762 ciuitatis
807 2701 907 2762 factus
923 2707 988 2763 erat
1010 2707 1179 2780 apocopam
1199 2708 1230 2763 et
1242 2721 1301 2762 oon

362 2804 499 2860 secretus
514 2803 560 2860 est
573 2819 687 2876 magno
701 2820 774 2860 cum
792 2802 898 2861 horrore
912 2801 1039 2878 abipso,
1057 2801 1302 2863 conuenientibus

362 2898 507 2974 plurimis
525 2897 676 2976 episcopis
696 2898 730 2957 in
752 2898 820 2958 uico
840 2899 932 2976 regio,
951 2900 1004 2977 qui
1026 2905 1155 2962 uocatur
1176 2903 1215 2961 In
1234 2901 1303 2961 Gon·

362 2997 484 3073 pendio.
522 2996 589 3071 Quo
604 2996 704 3057 adhuc
719 2998 751 3056 in
765 2999 1004 3059 transmannis⁶
1017 3001 1159 3077 partibus
1172 2995 1302 3079 propter²

362 3096 587 3156 ordinationem
607 3096 795 3170 demorante,
817 3096 958 3158 imitatus
979 3098 1168 3160 industriam
1188 3098 1242 3159 filii
1260 3113 1304 3155 ros
1316 3109 1358 3153 a:

364 3195 476 3254 Osuia⁸
490 3175 578 3254 misit
592 3194 734 3256 Cantium
749 3195 852 3254 uirum
866 3199 1017 3271 sanetum,
1029 3198 1207 3258 modestum
1219 3195 1301 3256 mori·

361 3291 427 3366 bus,
456 3292 675 3370 scripturarum
699 3293 833 3352 lectione
855 3293 1043 3354 sufficienter
1064 3296 1258 3369 instructum,
1273 3295 1301 3351 et

321 3437 324 3446 .
361 3411 402 3464 ea,
415 3411 493 3468 qnae
507 3393 541 3450 in
556 3391 717 3468 scripturis
727 3392 847 3469 agenda
858 3392 1016 3467 didicerat,
1028 3395 1174 3470 operibus
1184 3393 1301 3453 solerter

360 3492 588 3566 exsequentem,
620 3489 673 3566 qui
707 3491 909 3551 Eturacensie
942 3491 1087 3552 ecclesiae
1120 3492 1299 3553 ordinaretur

360 3589 528 3666 episcopus
581 3589 657 3647 Erat
683 3593 788 3649 eutem
818 3589 978 3667 presbyter
1005 3591 1155 3652 uocabulo
1183 3589 1293 3654 Caaddss·
1379 3634 1380 3679 ,

392 3718 399 3746 ¹
418 3723 443 3768 et
456 3734 496 3768 ex.
509 3720 541 3769 B.
553 3720 586 3770 N.
663 3718 800 3770 ²uuil-C.
876 3721 1047 3772 'orientales
1059 3723 1096 3774 u.
1109 3723 1155 3785 11,
1220 3718 1293 3767 ‘tlh
1379 3690 1380 3775 l

358 3797 454 3846 frido.
560 3799 723 3848 ⁵-berctum
735 3800 968 3859 B.N;·berhtum
980 3801 1010 3852 C.
1109 3794 1293 3851 ‘minuunt
1379 3812 1380 3899 p

357 3873 367 3901 ⁷
385 3891 434 3938 pro
447 3877 494 3936 0³3
511 3880 569 3939 post
582 3877 622 3928 13².
718 3881 727 3908 ⁸
744 3881 819 3927 osuio
830 3878 867 3929 Μ.
1379 3918 1380 3953 ,
