2859 4334
160 273 220 322 cir.
234 267 316 333 xus]
468 256 582 324 Gentis
606 255 811 342 Anplornm.
1047 257 1109 322 167

158 430 272 507 inquit,
293 432 360 491 ‘too
381 433 454 492 arsit
475 434 507 491 ia
529 435 561 492 te.
606 432 640 492 st
659 432 738 492 enim
756 432 845 492 taius
863 432 924 491 ciri
943 433 1112 506 inpeccatis

159 531 222 588 saie
240 531 348 590 mortui
364 530 531 606 pecuniam
548 549 606 590 non
623 533 776 606 scapisms
785 530 803 604 ¹,
821 549 872 590 oco
884 550 979 605 poena
997 530 1064 590 eius
1078 533 1111 590 in

159 629 191 686 te
206 628 338 689 arderet!
380 630 422 688 Et
436 628 526 704 plura
535 630 665 704 locutus,
681 629 756 706 quid
766 649 837 705 erga
845 629 979 689 salutem
989 649 1106 704 eorum,

160 726 214 802 qui
242 727 281 786 ad
310 729 444 786 mortem
466 727 672 805 poeniterent,
698 730 780 787 esset
801 726 967 804 agendum,
994 727 1110 786 salubri

42 837 64 880 i»,
78 839 104 892 ἰ,
160 842 303 884 sermone
312 825 426 886 docuit.
472 824 534 899 Qui
544 825 924 903 postmodumincorpore
935 825 1106 897 restitutus,

160 923 247 983 omni
275 924 357 984 uitae
385 943 459 984 suae
486 927 625 1001 tempore
649 924 776 1001 signum
805 924 938 999 incendii,
966 924 1048 1001 quod
1075 924 1109 982 in

158 1022 265 1082 anima
282 1022 419 1098 pertulit,
436 1023 560 1082 uisibile
581 1023 701 1083 cunctis
721 1022 756 1082 in
775 1024 905 1083 humero
922 1022 1110 1098 maxillaque

158 1121 316 1198 portauit;
337 1119 514 1197 mirumque²
535 1123 568 1181 tn
586 1123 712 1195 modum,
730 1124 802 1196 quid
820 1125 921 1181 anima
941 1121 975 1180 in
989 1121 1109 1181 occulto

39 1227 87 1308 ξ’(
123 1255 134 1261 -
158 1239 246 1296 passa
268 1220 317 1294 sit,
340 1239 409 1281 coro
426 1219 529 1297 palam
549 1223 807 1297 praemonstrabat.
852 1220 986 1280 Curabat
1005 1222 1110 1279 autem

39 1299 57 1334 ᾖ
160 1337 290 1396 semper,
308 1319 389 1379 sicut
403 1322 434 1378 et
452 1322 543 1379 antea
565 1319 665 1378 facere
678 1320 850 1392 consuerat,
867 1319 1015 1378 omnibus
1033 1337 1110 1394 opus

160 1418 317 1478 uirtutum
337 1421 369 1478 et
390 1417 542 1494 exemplis
558 1419 730 1487 ostendere,
752 1421 784 1477 et
804 1417 977 1494 praedicare
998 1436 1110 1476 sermo·

160 1516 262 1578 nibus.
308 1516 458 1577 Ordinem
475 1518 581 1576 autem
597 1516 757 1576 uisionum
778 1536 904 1576 suarum
918 1516 983 1576 illis
997 1515 1110 1575 solum·

159 1615 260 1690 modo,
286 1616 341 1692 qui
363 1618 488 1693 propter
510 1614 700 1674 desiderium
726 1615 962 1691 conpunctionis
983 1615 1110 1674 interro·

158 1713 281 1791 gabant,
319 1733 472 1791 exponere
505 1713 637 1774 uolebat
697 1713 846 1790 Superest
880 1713 981 1772 adhuc
1016 1713 1111 1772 frater

54 1820 130 1868 ΝΜ
158 1813 305 1888 quidam³
328 1812 432 1873 senior
451 1811 630 1872 monasterii
655 1812 762 1886 nostri,
785 1807 789 1889 Ι
808 1811 862 1888 qui
882 1831 1007 1871 narrare
1029 1811 1109 1871 solet

158 1911 273 1972 dixisse
294 1911 355 1971 sibi
376 1912 532 1988 quendam
553 1910 692 1970 multum
714 1931 855 1970 ueracem
876 1930 911 1970 ac
930 1910 1109 1987 religiosum

158 2009 329 2084 hominem,
354 2010 437 2087 quod
458 2009 563 2088 ipsum
583 2009 736 2068 Fursoum
759 2009 874 2068 uiderit
894 2009 928 2068 in
951 2008 1110 2085 prouincia

158 2108 364 2168 Orientalium
383 2108 569 2185 anglorum,
587 2107 719 2184 illasque
738 2107 875 2168 uisiones
893 2127 930 2167 ex
945 2107 1043 2184 ipsius
1057 2127 1110 2167 ore

156 2207 309 2282 audierit;
333 2207 471 2267 adiciens
480 2207 498 2282 ⁴,
527 2205 600 2283 quia
617 2209 744 2283 tempus
767 2206 883 2266 hiemis
907 2206 1003 2266 fuerit
1027 2226 1109 2266 acer-

156 2306 291 2366 rimum⁵
302 2309 333 2367 et
340 2307 437 2384 glacie
447 2307 656 2382 constrictum,
670 2325 743 2365 cum
758 2305 870 2364 sedens
879 2304 913 2364 in
922 2304 1011 2365 tenui
1022 2308 1109 2365 ueste

157 2404 209 2466 uir
226 2405 270 2465 ita
289 2405 563 2481 interdicendum,
581 2407 707 2481 propter
722 2403 973 2480 magnitudinem
993 2424 1109 2464 memo·

158 2503 218 2564 rati
241 2504 365 2564 timoris
388 2505 440 2565 uel
464 2503 636 2578 suauitatis,
662 2503 750 2579 qnasi
772 2503 807 2561 in
836 2503 957 2562 mediae
983 2502 1109 2562 aestatis

157 2607 300 2664 caumate
314 2603 478 2664 sudauerit

199 2703 282 2764 Cum
302 2721 381 2780 ergo,
405 2705 442 2762 ut
461 2702 500 2764 ad
522 2701 680 2778 superiora
696 2702 867 2776 redeamus,
891 2700 1002 2761 multis
1021 2703 1109 2760 annis
1126 2720 1164 2765 110
1174 2721 1219 2764 mi-

156 2801 192 2862 in
215 2801 334 2862 Scottis
356 2803 477 2861 uerbum
499 2802 555 2860 Dct'
579 2801 712 2859 omnibus
735 2801 926 2874 adnuntians,
952 2798 1109 2859 tumultus
1126 2783 1246 2883 fflm

156 2901 338 2962 inruentium
357 2899 520 2959 turbarum
540 2917 600 2958 non
619 2897 709 2958 facile
717 2899 822 2973 senet,
840 2900 946 2958 relictis
965 2900 1106 2972 omnibus,
1126 2898 1227 2954 ungris,

155 3019 229 3076 piae
243 3001 344 3060 tabern
357 2999 519 3075 uidebatur,
537 2998 576 3058 ab
590 2997 657 3074 ipsa
676 3017 799 3074 quoque
817 2999 916 3057 insuta
929 2998 1029 3073 patria
1052 2997 1110 3056 dis·

156 3100 249 3161 cessit
263 3122 271 3174 ;
292 3103 324 3159 et
332 3102 438 3174 paucis
451 3119 517 3159 cam
524 3099 676 3173 fratribus
683 3116 740 3172 per
752 3097 920 3157 Brettones
934 3097 967 3156 in
982 3098 1109 3173 prouin-

156 3201 237 3262 ciam
251 3199 444 3276 Anglorum⁸
458 3197 594 3272 deuenit,
610 3196 716 3274 ibique
731 3195 911 3272 praedicans
925 3199 1059 3270 uerbum,
1073 3198 1110 3256 ut

39 3303 64 3358 -t
76 3321 86 3348 ι
155 3298 303 3371 diximus,
328 3299 536 3357 monasterium
557 3294 662 3354 nobile
687 3294 858 3355 construxit.
911 3294 1031 3370 Quibus
1054 3297 1110 3355 rite

152 3399 251 3475 pestus,
277 3397 394 3470 amicas
420 3413 450 3456 ae
476 3396 514 3455 ab
541 3393 680 3455 madius
703 3395 811 3454 saccati
837 3393 931 3453 huius
958 3397 990 3454 et
1017 3395 1110 3469 psius

154 3515 280 3574 quoque
300 3495 468 3554 monasterii
488 3493 623 3571 negotiis
640 3495 773 3565 altercare,
790 3494 904 3567 reliquit
920 3492 1109 3553 monasterii²

155 3599 187 3656 ct
208 3596 379 3656 naimonem
397 3611 499 3652 caram
519 3591 607 3652 tratri
629 3610 685 3651 auo
708 3593 840 3650 Forum
848 3591 866 3666 ⁸,
889 3593 921 3651 et
933 3593 1109 3666 presbyteris

188 3707 196 3736 ¹
213 3709 357 3771 accipieses
367 3706 403 3757 n.
415 3706 455 3757 13¹.
551 3703 561 3731 ³
576 3705 785 3765 mirandumque
796 3705 829 3754 N.
923 3702 933 3730 ⁸
949 3705 1059 3766 quidem
1071 3703 1108 3755 Μ.

152 3790 161 3818 ⁴
179 3787 317 3838 adieciens
328 3785 364 3836 M.
430 3785 440 3815 ¹
456 3785 631 3833 accerrimum
643 3783 680 3832 Μ.
746 3783 756 3813 ⁸
771 3797 819 3846 per
830 3783 995 3831 Brittaniam
1007 3783 1037 3830 in
1046 3783 1110 3832 Sax-

153 3869 246 3918 oniam
258 3865 296 3916 sl.
422 3861 432 3890 ¹
448 3863 495 3912 -rii
505 3867 589 3912 nterea
600 3869 620 3912 to
632 3863 715 3911 -rium
727 3862 756 3912 C.
854 3861 864 3887 ⁸
880 3861 984 3910 fullano
994 3865 1077 3910 altered
1089 3867 1110 3911 to

153 3947 251 3996 ultano
263 3943 287 3994 N
299 3959 306 4006 ς
328 3943 468 4008 scylanum
480 3943 518 3994 Sl.
