2859 4334
377 255 422 320 aa
651 256 808 322 asum
829 256 1061 323 ursmarus
1210 267 1289 332 unt
1366 222 1367 229 ‘

376 435 533 510 Brettoncs,
557 435 666 497 Smttos
684 437 815 496 arctiores
831 437 1015 509 patescimus.
1057 434 1292 505 Saturarum

376 535 940 610 Deponumepiscopuminhonc,qccum
949 535 1082 608 asperius
1091 535 1290 600 memorativum

376 634 513 708 insulam,
538 639 565 693 ct
586 633 799 694 &lumbarium
820 635 950 693 atomon
971 635 1005 692 ia
1030 632 1144 694 Gallis¹
1164 633 1293 692 mauce

376 733 453 791 nibil
480 734 636 808 discrepare
664 751 683 792 a
709 734 896 792 Brcttonitus
922 733 955 792 in
981 750 1080 792 comm
1113 731 1294 792 mou

376 830 538 891 didicimus.
582 832 663 890 Nam
675 833 823 907 Deponas
840 832 986 906 opiscopus
998 832 1038 890 ad
1053 833 1244 902 neemiam,
1255 842 1295 887 sot

376 929 469 988 solum
493 929 587 987 cibum
610 931 767 1003 nobiscum,
791 930 842 988 scd
866 947 918 989 acc
944 931 978 988 in
1000 930 1095 989 eodem
1117 931 1243 1004 hospitio,
1259 943 1296 1001 ato

376 1029 565 1101 ucsccbamur,
579 1045 690 1087 aarum
704 1029 804 1087 uoluit.

204 1143 359 1188 ansanum
417 1124 503 1183 Misit
524 1125 608 1184 idem
625 1125 814 1185 Laurentius
834 1144 906 1185 oum
925 1124 1132 1204 coepiscopis²
1148 1127 1215 1186 suis
1229 1124 1296 1185 eun

205 1203 298 1258 mergy.
377 1224 564 1283 Brettonum
579 1224 789 1283 sacerdotibus
802 1224 924 1284 litteras
936 1243 993 1284 suo
1002 1225 1013 1256 ⁸
1022 1225 1132 1302 gradui
1143 1225 1295 1302 condignas

376 1321 490 1396 quibus
504 1341 557 1381 eos
571 1322 604 1381 in
618 1322 738 1382 unitate
751 1322 901 1382 catholica
913 1323 1097 1384 confirmare
1109 1324 1229 1401 satagit
1257 1317 1297 1380 su

376 1424 530 1496 quantum
545 1421 620 1480 haee
634 1421 753 1498 agendo
767 1421 939 1498 profecerit,
952 1421 1238 1498 adhuc'praeseutia
1247 1425 1299 1480 tem
1367 1434 1368 1437 ’

375 1538 450 1595 pora
465 1519 629 1579 declamnt.

418 1617 479 1676 His
493 1617 688 1693 temporibus
705 1617 795 1678 uenit
810 1618 948 1678 Mollibus
962 1619 1147 1680 Lundoniae
1165 1619 1300 1697 episcopa

225 1767 285 1799 oms.
375 1715 516 1789 Romam,
539 1715 578 1774 de
598 1717 780 1776 necessariis
799 1717 945 1777 eeclesiae
966 1718 1144 1795 Auglorum
1165 1738 1235 1778 cum
1252 1735 1300 1792 apo

375 1813 485 1874 stolico
499 1833 578 1890 papa
593 1814 752 1874 Bonifatio
766 1818 960 1876 tractaturus
1005 1817 1047 1877 Et
1061 1817 1228 1876 cumidem
1240 1831 1301 1892 papa

375 1912 647 1972 reuerentissimus
660 1917 782 1990 cogeret
801 1915 957 1990 synodum
971 1915 1187 1993 episcoporum
1200 1914 1299 1981 Italitt

374 2011 413 2071 de
440 2011 506 2071 uita
533 2011 759 2071 monachorum
783 2016 816 2072 et
843 2013 947 2089 quiete
971 2014 1179 2089 ordinaturus,
1203 2017 1232 2073 et
1251 2013 1303 2089 ipss

374 2109 515 2170 Mellitus
535 2111 618 2170 inter
638 2131 690 2170 eos
710 2111 831 2172 adsedit
851 2132 934 2172 anno
950 2112 1035 2172 VIII
1056 2113 1183 2190 imperii
1202 2110 1303 2173 roam

373 2209 530 2285 principis,
567 2209 738 2269 indictione
765 2210 874 2286 xum,
906 2211 999 2271 tertio
1032 2212 1083 2272 die
1110 2213 1303 2272 Kalendarum

374 2307 576 2382 Martiarum
598 2311 633 2367 ut
655 2329 794 2385 quaeque
814 2314 902 2370 erant
923 2310 1105 2388 regulariter
1121 2311 1244 2385 decreta,
1258 2327 1303 2368 sus

374 2425 496 2482 quoquo
514 2407 696 2466 auctoritate
717 2407 915 2469 subscribens
936 2409 1143 2483 confirmaret,
1159 2430 1194 2470 ac
1209 2409 1304 2470 Britts

374 2503 460 2562 niam
480 2501 626 2583 {rediens
646 2507 771 2564 secnm‘
789 2507 966 2583 Anglorum
987 2507 1126 2568 ecclesiis
1146 2499 1363 2568 mandandam*

372 2605 466 2678 atque
487 2603 698 2663 obseruanda⁵
718 2604 858 2679 deferret,
878 2625 943 2665 una
963 2625 1036 2665 oum
1064 2607 1215 2683 epistulis,
1241 2624 1305 2684 quas

373 2699 457 2759 idem
478 2703 618 2778 pontifex
637 2703 703 2763 Deo
725 2703 839 2763 dilecto
859 2704 1088 2781 archiepiscopo
1102 2706 1265 2765 Laurentio
1280 2707 1305 2762 et

373 2798 454 2858 clero
481 2801 637 2874 uniuerso,
664 2801 812 2860 similiter
839 2806 870 2861 et
897 2801 1115 2862 Aedilbercto‘
1141 2805 1205 2882 regi
1228 2807 1306 2878 atquc

372 2897 459 2974 genti
477 2898 653 2975 Anglorum
675 2899 797 2959 (luerit.
841 2900 903 2959 Hic
924 2904 972 2960 est
989 2901 1177 2978 Bonifatius,
1194 2907 1306 2980 quartus

372 3017 390 3056 a
414 2997 504 3056 beato
526 2999 675 3075 Gregorio
698 2999 856 3058 Romanae
878 3000 963 3059 urbis
983 3000 1135 3078 episcopo,
1161 3002 1306 3079 qui'inpc-

373 3097 612 3156 trauitaFocate
623 3097 761 3173 principe
771 3097 879 3157 donari
887 3099 1031 3159 ecclesiae
1041 3101 1162 3161 Christi
1169 3099 1305 3177 templum

373 3195 496 3268 Romae,
521 3196 603 3271 quod
629 3196 794 3256 Pantheon
815 3197 982 3257 uocabatur
1002 3198 1042 3257 ab
1062 3199 1210 3277 antiquis,
1232 3195 1306 3276 quasi

372 3293 573 3354 simulacrum
588 3297 668 3354 esset
682 3297 825 3356 omnium
840 3298 968 3357 deorum
981 3319 989 3372 ;
1009 3297 1044 3358 in
1059 3319 1122 3375 quo
1132 3300 1207 3377 ipse,
1223 3295 1306 3358 elimi-

372 3395 444 3451 nata
465 3393 551 3452 omni
573 3394 728 3471 spurcitia,
745 3395 817 3455 fecit
835 3395 997 3456 ecclesiam
1011 3401 1136 3458 sanctae
1153 3398 1210 3458 Dei
1228 3412 1304 3474 gens-

371 3488 457 3549 tricis
480 3495 572 3568 atque
593 3493 735 3552 omnium
761 3496 938 3572 martyrum
962 3495 1100 3572 christi;
1132 3499 1175 3572 ut,
1198 3495 1304 3557 exclusa

371 3588 575 3649 multitudine
595 3591 792 3668 daemonum,
808 3592 980 3654 multitudo
998 3593 1044 3653 ibi
1061 3600 1234 3656 sanctorum
1249 3610 1302 3652 me

371 3686 502 3746 moriam
516 3688 651 3751 haberet.

403 3831 613 3896 1ςιιΙΙίὶειΗίῖ,
714 3837 1117 3892 ’eo-smeuamemumla
1200 3833 1296 3888 ’aaa

371 3909 544 3962 ‘anundum
558 3915 613 3974 111¹.
695 3916 855 3966 ‘amana
867 3917 960 3979 raa,
1044 3916 1263 3970 ‘surianus
