2859 4334
365 238 428 300 170
631 237 790 305 Historia
811 237 1042 306 Ecclesiastico
1187 247 1303 314 [imru.

363 409 430 469 eius
451 409 668 472 Alchfledam¹
689 413 751 474 sibi
772 414 936 492 coniugem
959 414 1033 474 dari.
1078 413 1189 490 Neque
1213 412 1305 484 aliter,

364 509 446 584 quod
470 511 602 587 petebat,
625 511 783 589 inpetrare
803 514 914 591 potuit,
938 513 1000 573 nisi
1020 513 1117 572 fidem
1138 511 1259 572 Christi
1278 530 1306 569 ac

364 606 519 684 baptisma
537 629 608 668 cum
628 614 730 687 gente,
747 612 798 672 cui
811 614 961 688 praeerat,
978 611 1129 688 acciperet
1137 612 1155 669 ².
1200 611 1248 669 At
1261 607 1307 668 illc

363 709 469 768 audita
496 710 724 786 praedicatione
759 714 908 788 ueritatis,
934 716 966 772 et
993 710 1200 790 promissione
1227 706 1307 786 regni

363 808 510 882 caelestis,
538 829 654 888 speque
675 812 911 873 resurrectionis
938 831 974 871 ao
998 812 1121 871 futurae
1145 805 1306 868 inmortali·

250 955 256 976 ,
364 907 447 982 tatis,
464 909 599 970 libenter
613 929 646 970 se
660 910 875 970 Christianum
894 911 963 970 lieri
979 910 1060 970 uelle
1079 910 1241 968 confessus
1257 908 1305 977 est,

365 1005 489 1066 etiamsi
503 1007 660 1085 uirginem
674 1029 739 1068 non
752 1009 904 1086 acciperet
918 1032 926 1085 3
946 1027 1111 1086 persuasus
1125 1006 1263 1066 maxime
1274 1003 1306 1063 ad

364 1105 595 1183 percipiendam
615 1107 710 1167 fidem
731 1127 749 1168 a
770 1108 836 1168 filio
853 1108 936 1186 regis
955 1107 1063 1182 Osuiu,
1081 1106 1209 1167 nomine
1223 1103 1308 1164 Alcb·

365 1203 446 1263 frido
452 1209 469 1278 ³,
483 1204 538 1280 qui
548 1209 613 1265 erat
622 1209 772 1284 cognatus
781 1209 812 1267 et
822 1207 942 1266 amicus
956 1205 1033 1280 eius,
1047 1205 1166 1265 habens
1176 1221 1306 1264 sororem

364 1301 463 1378 ipsius
471 1304 643 1382 coniugem,
655 1304 807 1365 uocabulo
816 1305 1053 1383 Gyniburgam‘,
1064 1300 1309 1362 filiamPendan⁵

365 1419 454 1478 regis.

194 1507 344 1562 supremos
407 1500 587 1577 Baptizatus
601 1505 648 1562 est
662 1523 734 1580 ergo
748 1523 766 1563 a
780 1503 901 1563 Finsno
915 1501 1057 1579 episcopo
1071 1521 1144 1560 cum
1158 1499 1307 1571 omnibus

194 1568 280 1611 pm
366 1597 420 1674 qui
434 1617 539 1658 secum
554 1604 713 1675 uenerant,
731 1601 899 1661 comitibus
912 1621 947 1661 ac
964 1600 1128 1673 militibus,
1145 1614 1308 1672 eorumque

365 1696 493 1757 famulis
507 1698 663 1758 uniuersis
674 1699 708 1758 in
724 1700 794 1760 uico
808 1701 889 1779 regis
903 1699 1038 1773 inlustri,
1052 1698 1107 1775 qui
1122 1700 1248 1757 uocatur
1260 1693 1307 1754 Ad

366 1795 501 1858 Murum.
529 1797 571 1858 Et
581 1798 714 1875 acceptis
728 1798 803 1858 1111
818 1798 1013 1876 presbyteris,
1025 1797 1079 1874 qui
1089 1797 1130 1856 ad
1144 1795 1309 1856 docendam

366 1894 645 1974 baptizandamque
671 1901 799 1973 gentem
827 1897 914 1956 illius
937 1899 969 1956 et
991 1895 1168 1955 eruditione
1195 1898 1226 1953 et
1250 1892 1311 1951 uita

366 1993 556 2054 uidebantur
580 1995 692 2070 idonei,
723 1996 826 2056 multo
850 2015 922 2056 cum
950 1993 1063 2072 gaudio
1084 2013 1229 2053 reuersus
1254 1993 1307 2049 est

367 2093 465 2153 Erant
486 2097 591 2153 autem
611 2096 793 2172 presbytcri,
811 2095 923 2170 dedda
941 2100 973 2154 et
993 2094 1093 2168 Addo,
1118 2097 1150 2153 et
1172 2092 1263 2164 Betti,
1279 2094 1310 2149 et

367 2193 489 2267 Diuina,
507 2213 642 2270 quorum
663 2195 797 2255 ultimus
818 2194 945 2254 natione
966 2193 1100 2265 Scottus,
1118 2191 1211 2251 ceteri
1228 2191 1311 2249 suere

367 2290 405 2350 de
424 2291 545 2368 Anglis
590 2292 682 2353 Adda
702 2296 809 2354 autem
830 2297 897 2354 erat
910 2293 1006 2352 frater
1025 2291 1128 2352 Uttan
1145 2286 1312 2367 presbyteri

369 2389 372 2466 Ι
389 2389 539 2465 inlustris,
571 2394 602 2450 et
629 2391 751 2452 abbatis
779 2391 968 2466 monasterii,
999 2391 1080 2466 qnod
1110 2393 1236 2449 uocatur
1262 2384 1312 2446 ad
1327 2396 1373 2438 12³³
1381 2393 1395 2430 t

367 2490 482 2565 Caprae
510 2491 617 2565 Caput,
646 2491 734 2551 cuius
760 2509 854 2567 supra
880 2489 1094 2550 meminimus.
1145 2488 1315 2548 Uenientes

366 2608 439 2664 ergo
452 2588 487 2647 in
502 2588 697 2664 prouinciam
712 2590 879 2649 memorati
893 2588 1067 2650 sacerdotes
1077 2608 1151 2648 cum
1165 2585 1309 2665 principe

366 2687 583 2763 praedicabant
598 2689 739 2762 uerbum,
753 2691 785 2748 et
799 2689 935 2748 libenter
947 2686 1046 2748 auditi
1060 2690 1144 2761 sunt,
1162 2684 1313 2760 multique

367 2785 489 2860 cotidie,
521 2789 552 2845 et
579 2785 742 2862 nobilium,
773 2790 805 2848 et
839 2787 1040 2847 infirmorum
1047 2787 1068 2860 ⁷,
1099 2783 1315 2846 abrenuntiata

367 2887 456 2947 sorde
477 2886 644 2960 idolatriae,
669 2886 743 2947 fidei
764 2889 840 2947 sunt
860 2886 947 2946 fonte
967 2885 1077 2946 abluti

408 2985 473 3044 Nec
494 2985 655 3062 prohibuit
677 2985 785 3046 Penda
805 3005 869 3058 rex,
893 2985 1089 3062 quinetiam
1112 2983 1148 3043 in
1172 3002 1231 3056 sua,
1257 2981 1314 3040 hoc

368 3088 416 3144 eet
436 3084 632 3156 Merciorum,
649 3085 777 3144 natione
798 3084 939 3158 uerbum,
956 3083 1038 3160 siqui
1059 3083 1181 3143 uellent
1200 3080 1312 3146 audim

367 3182 602 3260 praedicaretur.
632 3183 715 3258 Quin
730 3183 835 3260 potius
848 3183 920 3243 odio
934 3181 1076 3251 habebat,
1089 3187 1121 3242 et
1137 3179 1313 3258 dispiciebat

368 3303 429 3358 eos,
454 3303 532 3360 quos
553 3283 615 3342 fide
636 3283 754 3343 Christi
771 3283 900 3343 inbutos
916 3302 1008 3360 opera
1025 3281 1099 3342 fidei
1120 3301 1184 3341 non
1202 3279 1316 3338 habere

368 3383 579 3459 deprehendit,
597 3383 703 3442 dicens
718 3383 963 3442 contemnendos
977 3401 1046 3441 esse
1065 3401 1118 3440 cos
1131 3386 1163 3440 et
1176 3379 1312 3448 miseros,

369 3482 423 3558 qui
432 3483 499 3542 Deo
509 3501 573 3554 suo,
586 3482 620 3541 in
630 3501 724 3558 quem
733 3483 902 3556 crederent,
914 3480 1059 3541 oboedire
1069 3479 1313 3540 contemnerent.

369 3583 485 3658 Coepta
498 3585 573 3641 sunt
587 3581 663 3641 haec
677 3581 805 3641 biennio
823 3585 896 3642 ante
909 3575 1046 3640 mortem
1060 3577 1207 3639 Pendan⁵
1218 3574 1312 3652 regis·

370 3681 443 3757 Ipso
457 3684 564 3740 autem
579 3681 685 3756 occiso,
703 3700 776 3740 oum
791 3681 889 3741 Osuiu
906 3699 960 3740 rex
975 3679 1171 3741 Christianus
1184 3693 1316 3750 regnum

402 3825 572 3875 ¹alhlledam
585 3827 614 3876 c.
680 3824 886 3888 ’acceperitld
953 3823 1140 3874 'danudon
1213 3820 1319 3880 'esm-

370 3907 481 3968 burgam
493 3906 527 3955 N.
571 3904 710 3968 ³pendam
723 3905 754 3954 N.
804 3903 879 3952 ‘ced
890 3904 920 3954 0.
968 3901 1150 3952 'infimorum
1161 3897 1319 3960 H,‚R,.0,‚.
