2859 4334
335 276 402 342 314
603 276 764 344 Historia
784 276 1017 344 cucanea
1174 287 1240 355 [ns
1251 288 1282 341 v,

337 451 437 511 uitam
451 452 592 513 conuerti
604 452 850 513 ammonebatur.
892 453 935 513 Et
953 452 1100 529 quamuis
1115 472 1168 513 eos
1180 450 1284 512 audire

338 549 497 625 noluisset,
523 550 711 612 tolerabatur
735 555 843 612 tamen
866 551 906 612 ab
933 551 979 612 eis
1001 549 1224 629 longanimiter
1245 548 1284 609 ob

338 648 553 709 necessitatem
581 669 711 728 operum
739 650 838 727 ipsius
865 649 1076 725 exteriorum
1106 652 1174 710 erat
1200 648 1286 708 enim

337 747 442 808 fabrili
476 752 542 809 arte
576 748 751 827 singularia
810 749 972 811 Semiebat
1006 752 1114 811 autem
1147 748 1288 808 multum

337 841 487 919 ebrietati,
504 847 535 904 et
549 845 659 905 ceteris
673 844 759 904 uitae
772 844 958 905 remissioris
970 843 1136 904 inlecebris
1148 865 1157 918 ;
1178 841 1289 919 maffia·

338 962 399 1020 que
423 942 458 1003 in
480 943 602 1003 officina
626 962 682 1003 sua
706 943 758 1004 die
779 946 936 1021 noctuque
959 942 1101 1017 residere,
1128 961 1227 1019 quam
1249 940 1288 1001 sd
1411 969 1412 1030 j

337 1041 535 1117 psallendum
549 1046 642 1119 atque
658 1044 812 1103 orandum
831 1043 866 1104 in
883 1040 1020 1116 ecclesia,
1036 1040 1289 1117 audiendumque

338 1158 410 1199 cum
443 1140 591 1233 fratribps
619 1142 753 1201 uerbum
784 1140 869 1202 uitae
902 1159 1086 1201 concurrere
1114 1140 1286 1199 consuerat.

357 1236 360 1305 Ι
380 1238 473 1299 Unde
494 1238 605 1299 accidit
625 1238 681 1313 illi,
698 1240 781 1316 quod
801 1239 905 1300 solent
925 1239 1027 1299 dicere
1047 1237 1185 1316 quidam,
1205 1236 1285 1315 quia,
1303 1255 1382 1302 trus.

339 1336 394 1412 qui
415 1356 480 1397 non
501 1338 571 1398 uult
592 1338 737 1399 ecclesiae
757 1338 884 1400 ianuam
905 1340 1019 1416 sponte
1038 1335 1226 1397 humiliatus
1245 1334 1290 1395 in·

338 1434 434 1511 gredi,
458 1454 583 1497 necesse
610 1437 703 1497 habet
731 1436 765 1496 in
793 1437 921 1497 ianuam
948 1435 1067 1496 inferni
1093 1454 1159 1495 non
1179 1436 1290 1512 sponte
1411 1449 1412 1454 ’

340 1534 508 1595 damnatus
522 1535 686 1597 introduci
742 1536 914 1596 Percussus
930 1535 1016 1595 enim
1034 1535 1174 1611 langore,
1196 1535 1290 1610 atque

339 1631 378 1691 ad
412 1636 550 1693 extrema
573 1634 748 1711 perductus,
783 1634 907 1695 uocauit
934 1634 1053 1709 fratres,
1086 1636 1120 1693 et
1149 1632 1289 1693 multum

339 1749 463 1791 merens
477 1751 512 1791 ac
526 1732 674 1792 damnato
688 1732 802 1793 similis
815 1733 916 1809 coepit
932 1751 1065 1807 narrare,
1081 1731 1155 1809 quia
1168 1730 1290 1791 uideret
1411 1723 1412 1730 ¹

340 1829 457 1891 inferos
480 1834 609 1908 apertos,
636 1834 666 1891 et
689 1832 826 1893 Satanan
847 1828 1045 1893 demersum¹
1066 1830 1101 1890 in
1125 1829 1291 1906 profundis

339 1930 457 2005 tartari,
475 1930 675 2007 Caiphanque
689 1950 761 1991 cum
779 1930 896 2005 ceteris,
914 1930 970 2007 qui
986 1930 1166 1991 occiderunt
1182 1928 1289 1989 Domi·

226 2026 227 2030 ’
340 2048 427 2102 num,
445 2028 532 2089 iuxta
550 2049 623 2089 eum
642 2029 780 2089 flammis
798 2029 963 2105 ultricsspus
979 2028 1213 2089 contraditum:
1238 2027 1289 2087 ‘in

340 2146 474 2203 quorum
502 2127 637 2203 uicinia‚'
664 2128 778 2206 inquit,
813 2128 893 2188 ‘heu
925 2128 1042 2199 misero
1072 2127 1155 2187 mihi
1185 2126 1290 2187 locum

340 2225 475 2302 despicio
494 2229 638 2287 aeternae
656 2226 840 2304 perditionis
858 2246 926 2287 esse
947 2224 1186 2304 praeparatum'
1227 2228 1291 2285 Au·
1411 2247 1412 2252 ¹

341 2325 463 2385 dientes
489 2326 564 2385 haec
591 2326 704 2385 fratres
732 2329 900 2404 coeperunt
927 2326 1094 2403 diligenter
1120 2324 1286 2399 exhortari,

341 2426 378 2483 ut
401 2423 454 2482 uel
478 2426 554 2483 tunc
575 2424 698 2500 positus
721 2425 822 2485 adhuc
843 2425 877 2485 in
902 2444 1036 2501 corpore,
1063 2423 1291 2500 paenitentiam

340 2522 460 2581 faceret
506 2523 727 2600 Respondebat
745 2523 800 2584 ille
822 2524 1007 2602 desperans:
1032 2523 1122 2582 ‘Non
1143 2524 1191 2582 est
1211 2521 1290 2581 milri

341 2621 434 2681 modo
468 2624 593 2698 tempus
627 2622 726 2682 uitam
760 2622 912 2698 mutandi,
949 2642 1022 2683 cum
1057 2621 1123 2699 ipse
1157 2620 1290 2681 uiderim

341 2718 493 2779 iudicium
514 2740 621 2781 meum
643 2720 706 2781 iam
728 2740 795 2781 esse
816 2722 1018 2798 conpletum’

383 2818 470 2878 Talia
484 2819 600 2896 dicens,
616 2820 684 2879 sine
698 2820 812 2880 uiatico
825 2819 936 2880 salutis
946 2819 1033 2895 obiit,
1050 2823 1083 2880 et
1096 2839 1210 2897 corpus
1223 2818 1291 2879 eius

341 2918 375 2977 in
391 2918 513 2977 ultimis
527 2922 574 2978 est
588 2920 769 2980 monasterii
784 2921 860 2981 locis
869 2920 1045 2995 humatum,
1063 2940 1166 2997 neque
1179 2917 1291 2996 aliquis

341 3036 398 3093 pro
423 3036 459 3076 eo
486 3018 538 3077 uel
563 3018 675 3078 missas
699 3018 807 3095 iacere,
835 3019 886 3079 uel
912 3019 1051 3097 psalmos
1077 3022 1213 3092 cantare,
1241 3015 1290 3077 uel

342 3115 447 3174 saltim
469 3134 555 3175 orare
575 3118 799 3193 praesumebat.
844 3118 871 3179 Ο
892 3138 988 3195 quam
1009 3118 1120 3196 grandi
1141 3116 1291 3177 distantis
1305 3126 1388 3198 fasten

342 3213 450 3274 diuisit
471 3215 557 3274 Deus
577 3214 660 3275 inter
680 3215 783 3276 lucem
803 3219 835 3276 et
855 3217 1018 3278 tenebras!
1059 3218 1179 3277 Beatus
1192 3218 1290 3292 proto
1304 3199 1380 3291 ζέω

340 3316 462 3390 martyr
476 3313 654 3390 Stephanus
667 3334 815 3391 passurus
829 3320 963 3376 mortem
981 3336 1037 3392 pro
1051 3315 1193 3389 ueritate,
1210 3312 1290 3373 uidit
1304 3306 1371 3357 ‘¹¹‘

343 3412 442 3471 caelos
467 3416 598 3488 apertos,
626 3412 707 3473 uidit
733 3414 863 3491 gloriam
886 3414 946 3473 Dei
969 3417 1002 3474 et
1021 3414 1130 3474 Iesum
1151 3415 1288 3473 stantem

342 3530 360 3571 s
379 3511 497 3571 dextris
515 3511 594 3585 Dei;
615 3514 647 3571 et
666 3512 722 3571 ubi
741 3514 807 3572 erat
826 3512 952 3573 futurus
969 3513 1036 3589 ipse
1055 3516 1127 3589 post
1144 3516 1287 3583 mortem,

342 3610 405 3669 ibi²
425 3609 532 3670 oculos
552 3610 669 3672 mentis
689 3615 764 3672 ante
785 3614 929 3686 mortem,
957 3632 1018 3688 quo
1042 3610 1155 3671 laetior
1173 3630 1292 3671 occum-

342 3709 438 3784 beret,
460 3708 555 3769 misit.
599 3711 645 3769 At
662 3714 777 3784 contra,
794 3709 881 3769 faber
899 3710 959 3769 iste
977 3710 1159 3771 tenebrosae
1174 3708 1292 3769 mentis

343 3811 374 3868 et
388 3808 526 3884 actionis,
544 3807 722 3869 inminente
733 3812 842 3885 morte,
858 3808 941 3868 uidit
950 3811 1056 3886 apertu
1070 3812 1195 3885 tartara,
1212 3807 1292 3869 uidit

665 3948 782 4001 ¹di·lr.
846 3947 969 4000 ’usim
