2859 4334
370 200 435 262 244
638 199 796 266 natea
819 198 1051 285 salamas
1199 208 1305 272 [mu.

369 370 495 432 habitus
518 393 537 434 a
560 375 698 451 praefato
725 375 866 435 antistite
890 374 1027 435 Uilfrido
1037 373 1055 434 ¹.
1100 375 1179 433 Post
1200 389 1306 432 annum

370 491 444 530 uero
462 473 528 549 ipsa
547 476 625 534 tacte
646 478 693 534 est
714 474 869 534 abbatissa
888 474 922 533 in
944 474 1077 550 regione,
1094 492 1175 549 quae
1192 472 1308 531 uocatur

369 570 485 646 Elge²;
507 573 561 632 ubi
575 577 752 634 constructo
768 573 959 632 monasterio
972 573 1134 649 uirginum
1150 572 1219 630 Deo
1233 571 1307 629 deuo

196 726 273 757 ,m
314 727 332 756 Γ.
369 672 472 730 terum
501 672 694 749 perplurium
726 675 827 732 mater
855 672 951 748 uirgo,
988 674 1019 730 et
1053 669 1207 746 exemplis
1237 667 1309 728 uitae

369 769 508 829 caelestis
527 791 594 830 esse
614 773 714 848 eoepit
732 773 763 830 et
781 771 918 831 monitis
964 771 1011 830 De
1025 790 1087 846 qua
1102 769 1218 842 iemnt,
1237 766 1304 844 quia

368 887 406 926 ex
421 889 482 944 quo
496 869 721 930 monasterium
734 870 833 946 petiit,
847 889 1020 946 numquam
1034 868 1134 942 lineis,
1146 868 1202 926 sed
1216 866 1307 926 solum

368 961 467 1022 laneis
495 965 693 1024 uestimentis
726 964 774 1023 uti
801 963 955 1037 uoluerit;
989 983 1118 1039 raroque
1147 961 1184 1020 in
1212 958 1308 1021 calidis

369 1056 493 1132 balneis,
521 1062 641 1135 praeter
664 1058 894 1118 inminentibus
921 1056 1115 1117 sollemniis¹
1137 1056 1305 1116 maioribus

368 1157 456 1217 uerbi
491 1159 589 1234 gratia
623 1158 762 1236 paschae,
792 1160 993 1233 pentecostes,
1029 1155 1190 1232 epifaniae,
1221 1153 1308 1214 lauari

368 1256 517 1331 uoluerit;
539 1269 571 1317 et
592 1261 668 1317 tuno
688 1256 859 1317 nouissima
879 1255 1031 1329 omnium,
1055 1255 1128 1314 lotis
1148 1254 1238 1331 prius
1260 1273 1308 1312 suo

366 1375 555 1432 suarumque
586 1356 802 1416 ministrarum
835 1354 980 1431 obsequio
1011 1354 1130 1427 ceteris
1161 1373 1241 1430 quae
1269 1351 1308 1410 rbi

366 1457 479 1529 essent,
493 1454 619 1514 famulis
634 1453 752 1515 Christi
764 1476 772 1527 ;
793 1473 863 1513 raro
876 1455 997 1529 praeter
1009 1453 1127 1512 maiora
1140 1452 1306 1522 sollemnia

366 1552 417 1611 uel
436 1552 581 1613 artiorem
597 1554 820 1625 necessitatem,
838 1553 909 1627 plus
930 1571 1022 1629 quam
1042 1552 1140 1611 semel
1160 1573 1217 1628 per
1232 1551 1307 1611 diem

364 1651 618 1726 mandueauerit;
654 1671 785 1727 semper,
813 1650 839 1710 si
874 1652 959 1710 utar⁴
993 1650 1162 1710 infirmitas
1194 1649 1310 1728 marrier

363 1749 580 1824 prohibuisset,
609 1770 647 1809 ex
671 1753 811 1827 tempore
834 1751 1007 1809 matutinae
1030 1769 1193 1826 synaxeos,
1218 1767 1308 1826 usqne

363 1848 521 1908 adortum
540 1849 609 1923 diei,
626 1849 661 1907 in
680 1849 807 1909 ecelesia
827 1848 969 1924 precibus
987 1849 1111 1908 intenta
1125 1846 1307 1925 persteterit

365 1945 446 2005 Sunt
465 1947 568 2021 etiam,
592 1948 645 2024 qui
662 1948 774 2022 dicant,
794 1947 867 2024 quia
884 1967 939 2023 per
959 1946 1139 2023 prophetiae
1157 1947 1305 2023 spiritum
1397 1936 1398 1953 ³

365 2047 395 2103 et
418 2045 639 2120 pestilentiam,
658 2065 720 2124 qua
742 2046 810 2122 ipsa
831 2049 912 2105 esset
935 2045 1093 2118 moritura,
1117 2045 1306 2122 praedixerit

363 2147 395 2201 et
417 2163 584 2203 numerum
610 2165 734 2222 quoque
757 2164 873 2217 eorum,
900 2144 953 2220 qui
982 2144 1021 2202 de
1045 2163 1102 2202 suo
1125 2143 1311 2204 monasterio
1397 2156 1398 2159 ’

363 2241 420 2299 hae
446 2244 549 2302 essent
577 2244 615 2303 de
639 2244 758 2304 mundo
783 2242 930 2319 rapiendi,
957 2242 1061 2317 palam
1085 2244 1205 2302 eunetis
1226 2262 1310 2318 prae

363 2341 504 2401 sentibus
523 2342 724 2402 intimauerit.
768 2342 868 2417 Rapta
888 2343 935 2399 est
956 2344 1061 2400 autem
1082 2342 1120 2401 ad
1143 2342 1308 2402 Dominum
1397 2362 1398 2405 l

364 2439 396 2498 in
419 2440 521 2500 medio
542 2460 678 2515 suorum,
698 2444 770 2518 post
790 2459 891 2500 annos
909 2439 984 2513 VII,
1001 2458 1039 2498 ex
1060 2460 1121 2517 quo
1141 2441 1310 2500 abbatissae
1397 2486 1398 2489 η

362 2539 494 2612 gradum
518 2540 714 2614 susceperat;
739 2541 771 2597 et
797 2558 900 2614 aeque,
929 2540 966 2596 ut
993 2536 1060 2613 ipsa
1086 2536 1225 2606 iusserat,
1247 2556 1307 2596 nou

362 2635 436 2695 alibi
471 2657 564 2712 quam
593 2637 626 2695 in
661 2637 765 2696 medio
800 2657 916 2710 eorum,
947 2636 1036 2695 iuxta
1069 2637 1218 2709 ordinem,
1249 2654 1308 2712 quo

363 2735 535 2808 transierat,
552 2735 657 2811 ligneo
672 2737 705 2794 in
721 2734 831 2794 locello
845 2734 973 2812 sepulta
1397 2718 1398 2729 ἵ

404 2834 462 2894 Oui
483 2835 628 2894 suecessit
652 2835 686 2893 in
708 2833 918 2892 ministerium
943 2833 1112 2893 abbatissae
1136 2854 1222 2893 soror
1243 2834 1306 2892 eius

362 2933 533 3010 Sexburg⁶,
561 2954 655 3010 quam
676 2933 825 2992 habuerat
846 2933 880 2991 in
901 2932 1064 3008 coniugem
1088 2933 1305 2992 Earconberct‘

363 3053 415 3090 rex
427 3031 675 3092 Cantuariorum.
705 3031 828 3091 Etcum
839 3031 974 3091 sedecim
984 3031 1077 3090 annis
1088 3037 1170 3091 esset
1180 3031 1300 3108 sepulta.

264 3163 276 3192 r
362 3130 479 3206 placuit
498 3131 600 3190 eidem
619 3130 792 3190 abbatissae
807 3130 905 3189 leuari
923 3149 993 3189 ossa
1008 3129 1084 3202 eius,
1102 3133 1135 3190 et
1154 3131 1188 3190 in
1202 3128 1301 3189 lorello

237 3223 276 3253 ⁰²
362 3249 444 3289 nouo
454 3229 554 3306 posita
564 3229 598 3287 in
609 3228 769 3288 ecelesiam
780 3229 941 3287 transferri
951 3251 959 3303 ;
979 3229 1150 3305 iussitque⁷
1161 3229 1300 3306 quosdam

362 3349 379 3388 e
398 3327 547 3389 fratribus
568 3347 714 3404 quaerere
728 3327 873 3403 lapidem,
890 3328 929 3387 de
944 3329 1024 3405 quo*
1040 3328 1190 3388 locellum
1202 3330 1233 3387 in
1247 3326 1299 3384 hoc

361 3429 459 3486 faeere
487 3429 635 3503 possent3
664 3426 720 3502 qui
747 3445 874 3485 ascensa
901 3425 982 3499 naui,
1013 3425 1081 3503 ipsa
1109 3428 1195 3486 enim
1223 3424 1299 3500 regio

363 3527 455 3607 {Elge
469 3525 606 3601 undique
617 3528 664 3584 est
674 3524 764 3601 aquis
777 3545 811 3585 ae
821 3525 987 3601 paludibus
1000 3524 1196 3599 circumdata
1208 3541 1297 3600 neque.
1312 3537 1355 3578 ss·
1369 3549 1383 3572 a

362 3625 480 3702 lapides
498 3623 631 3683 maiores
650 3623 753 3698 habet,
770 3625 927 3682 uenerunt
943 3623 982 3682 ad
998 3623 1194 3684 eiuitatulam
1212 3640 1297 3700 quan·

394 3769 529 3817 ¹uurl·C‚
573 3767 714 3829 ²elgieC.
753 3767 931 3817 ³·nisM.C¹.
979 3766 1113 3817 ‘nisiG'.
1162 3763 1295 3816 'max-C:

361 3852 501 3914 saeeburog
513 3851 546 3900 N.
622 3849 808 3900 ‘erconberht
820 3851 850 3900 C.
915 3847 1108 3913 'lusitquelt
1182 3850 1250 3912 ‘qus
1259 3843 1293 3892 Η.
