2859 4334
461 277 596 341 auctore
618 271 811 358 Auooyoto.
1044 274 1107 341 391

157 442 242 501 solito
254 442 362 514 priscae
375 442 599 499 conuersationis
606 441 792 500 festinauitse
802 442 930 500 subicere
940 437 1091 499 famulatui
1101 461 1109 507 ς

157 531 206 589 sed
219 534 357 600 sequente
371 530 536 597 Benedicto,
551 548 584 586 ac
598 530 722 587 reditum
737 531 797 586 eius
809 532 983 601 postulante,
992 531 1109 587 tandem

156 620 250 676 uictus
268 619 397 676 caritatis
415 619 555 689 precibus,
578 620 663 687 redit,
684 623 715 677 et
740 638 813 690 qnae
832 625 966 691 coeperat
983 638 1049 675 cum
1075 637 1110 677 ec

156 708 323 766 monasterii
341 708 535 765 constituendi
553 712 640 778 atque
658 708 812 765 ordinandi
829 707 911 764 iura¹
928 708 1042 765 sedulus
1059 726 1109 764 ex-

156 796 291 867 sequitur.

92 930 98 941 .
193 882 236 955 9².
255 884 343 939 Facta
355 886 453 939 autem
466 882 603 941 citissime
616 883 736 941 basilica
747 884 840 954 operis
853 884 960 953 eximii,
975 887 1063 954 atque
1077 882 1109 939 in

156 971 294 1027 honorem
306 970 385 1027 beati
395 970 474 1027 Petri
487 971 610 1043 apostoli
619 971 759 1037 dedicata
768 972 1014 1029 reuerentissimus
1022 972 1110 1028 abbas

156 1058 329 1117 Benedictus
346 1058 465 1114 Romam
478 1059 519 1115 ire
532 1058 678 1130 disposuit,
694 1063 728 1115 ut
746 1059 882 1117 librorum
898 1060 1010 1131 copiam
1028 1078 1108 1115 sanc·
1126 1065 1248 1111 &nonies

155 1146 472 1217 torum,reliquisrum³
484 1148 634 1204 beatorum
645 1151 801 1219 martyrum
811 1148 977 1205 memoriam
985 1147 1109 1214 dulcem,
1126 1126 1179 1229 ζῇ
1187 1127 1281 1231 {Q

155 1234 544 1292 historiarumcanonicarum
551 1234 695 1305 picturam
703 1235 1068 1303 meritonenerandam,sed
1078 1240 1108 1293 et
1125 1245 1165 1289 for
1174 1246 1259 1290 arms.

155 1324 221 1393 alia,
235 1340 308 1394 quae
321 1326 477 1389 consuerat,
491 1322 639 1394 peregrini
651 1322 729 1378 orbis
739 1324 823 1393 dona,
836 1324 959 1394 patriam
972 1323 1108 1390 referret;

155 1412 279 1469 maxime
297 1411 456 1484 magistros,
475 1412 524 1482 qui
542 1410 624 1467 iuxta
648 1412 736 1468 ritum
754 1412 899 1469 Romame
917 1410 1109 1467 institutionis

155 1498 285 1557 ordinem
318 1498 454 1554 cantandi
487 1502 518 1555 et
550 1498 733 1555 ministrandi
760 1498 792 1553 in
823 1516 867 1565 ea,
900 1516 986 1569 quam
1017 1516 1109 1569 nuper

156 1586 326 1643 fundauerat
338 1585 484 1652 aecclesia,
497 1586 640 1643 docerent.

195 1690 236 1731 10.
255 1674 413 1730 Comitatus
425 1674 486 1731 eat⁴
499 1672 675 1731 Ceolfribus⁵
687 1679 813 1742 euntem,
823 1673 942 1745 cupiens
951 1673 995 1729 sui
1002 1674 1108 1745 gradus

155 1759 279 1817 officium
287 1761 399 1831 plenius
407 1761 519 1827 Romae,
529 1759 828 1831 quaminBrittannia
837 1760 1108 1831 poterat,ediscere;

154 1848 273 1905 relictus
290 1866 359 1905 uero
381 1853 424 1906 est
445 1850 482 1904 ad
500 1848 654 1906 tuitionem
672 1848 850 1918 monasterii,
865 1849 955 1905 donec
973 1848 1108 1920 redirent,

154 1934 351 2009 Easterwyni⁶
381 1936 525 2006 presbiter
560 1940 591 1993 et
626 1940 767 2009 cognatus
801 1937 916 1992 abbatia
949 1937 1108 1995 Benedicti.

34 2057 45 2085 ι
153 2024 333 2095 Coeperante
352 2030 450 2083 autem
468 2026 600 2095 Domino,
619 2026 796 2099 propositum
815 2026 946 2097 sequitur
960 2030 964 2096 l
980 2026 1108 2093 effectus,

153 2115 184 2170 et
202 2112 244 2169 ibi
262 2114 355 2169 multa
372 2115 486 2172 discunt
506 2116 660 2173 aecclesiae
679 2118 799 2181 statuta,
819 2118 850 2172 et
868 2115 952 2171 beatu
971 2115 1107 2173 memorie

153 2200 311 2259 Iohannem
330 2202 556 2260 archicantorem
574 2204 719 2259 Romanae
738 2201 904 2272 aecclesiae,
916 2202 1107 2273 abbatemque

153 2288 321 2346 monasterii
338 2289 417 2347 beati
436 2290 572 2363 Martyni,
591 2309 688 2349 aecum
706 2290 901 2347 Brittanniam
919 2292 1038 2360 ducunt,
1056 2291 1108 2361 qui

153 2394 206 2433 nos
214 2377 396 2435 abundanter
408 2379 536 2437 ordinem
554 2378 689 2435 cantandi
704 2396 756 2451 per
767 2378 898 2435 ordinem
911 2382 942 2435 et
956 2378 1025 2433 uiua
1036 2396 1107 2437 uoce

153 2463 240 2521 simul
253 2468 283 2523 et
294 2465 400 2523 litteris
408 2467 531 2525 edocuit.

32 2612 36 2621 ,
91 2611 96 2623 ,
193 2568 233 2611 11.
252 2552 320 2609 Post
332 2558 397 2611 octo
410 2562 507 2613 autem
524 2572 614 2611 annos
625 2572 712 2627 quam
728 2555 890 2627 praefatum
902 2554 1108 2614 monasterium
1125 2566 1238 2612 munds·

154 2644 281 2698 statuere
297 2647 461 2715 caeperant,
474 2643 586 2715 placuit
601 2642 738 2715 Ecgsridc
753 2643 824 2715 regi,
840 2660 893 2713 pro
910 2643 1107 2715 redemptione
1124 2626 1229 2731 ἓξὲξ

153 2728 268 2785 animae
287 2747 365 2799 suae,
384 2730 472 2787 etiam
489 2730 577 2787 aliam
596 2731 644 2785 XL
657 2730 833 2788 familiarum
851 2735 958 2787 terram
975 2748 1108 2788 reueren-

153 2816 263 2873 tissimo
299 2818 398 2875 abbati
428 2818 584 2876 Benedicta
615 2820 728 2886 donare,
760 2818 791 2873 in
822 2836 879 2891 qua
909 2818 1048 2875 aecclesia
1077 2823 1108 2876 et

153 2904 359 2961 monasterium
385 2906 470 2963 beato
499 2905 588 2962 Paulo
612 2906 710 2976 fieret;
740 2924 800 2963 non
825 2906 942 2978 quidem
966 2923 984 2961 a
1007 2907 1109 2977 prioris

154 2989 320 3045 monasterii
344 2989 482 3047 societate
509 2990 678 3057 seiunctum,
709 2990 759 3047 aed
790 2990 885 3047 eidem
916 2990 947 3045 in
977 2990 1108 3046 omnibus

154 3078 291 3133 unanima
308 3078 488 3135 fraternitate
507 3096 654 3135 conexum.
698 3078 778 3145 Quod
795 3096 866 3149 opus
877 3077 932 3133 sibi
945 3078 1108 3134 iniunctum

154 3164 313 3221 Ceolfridus
329 3166 559 3223 strenuosissime
572 3165 712 3237 perfecit3
732 3184 857 3236 namque
870 3166 998 3237 acceptis
1010 3184 1107 3223 secum

154 3252 235 3309 XXll
253 3253 398 3321 iratribus,
412 3255 509 3313 decem
525 3255 642 3325 quidem
661 3254 791 3322 attonsis,
810 3255 866 3309 llll
885 3272 955 3311 uero
971 3258 1107 3313 tonsurae

152 3342 246 3397 adhuc
258 3342 383 3415 gratiam
394 3343 619 3415 expectantibus,
630 3343 711 3401 uenit
719 3343 757 3399 ad
766 3342 868 3409 locum,
877 3341 970 3414 primo
979 3342 1106 3399 ibidem²

152 3430 325 3487 constructis
354 3431 493 3497 omnibus,
520 3449 576 3501 que
606 3431 731 3488 maxime
761 3431 914 3489 necessitas
939 3430 1106 3487 monasterii

154 3518 298 3591 poscebat,
326 3518 465 3589 domibus,
491 3518 656 3589 ipsamque⁶
682 3518 822 3594 regularis
848 3518 995 3575 custodiae
1022 3518 1106 3574 disci·

188 3636 326 3685 ¹estiura
337 3635 374 3687 H.
474 3634 484 3665 ²
504 3640 1106 3695 e'paeapoinrrascapmsaosbanmorm

154 3714 1107 3778 iaetemcrpr'aolH5sromc.9omccrdss'uclusios,ttirr'ssctltscan.

151 3793 337 3854 ¹·rumquso.
404 3794 573 3842 ‘astantem
586 3794 607 3841 δ.
684 3792 810 3843 ³·dusd.
886 3794 1106 3859 'esmrwinust

151 3868 162 3899 ⁷
179 3870 275 3935 primia
285 3871 411 3921 autumni
422 3872 574 3921 abscessum
591 3870 628 3923 Η.
663 3874 776 3935 (Patara
786 3874 967 3932 malachus
978 3874 1106 3939 mico.)

151 3946 338 4013 'quemlb
