2859 4334
169 295 229 346 en.
245 291 362 357 xxva]
478 283 594 350 Gentis
617 285 820 370 Amploram.
1078 291 1121 353 53

168 456 309 519 deirorum.
354 459 388 519 Si
407 461 665 534 ipiturcontinpat,
682 465 716 520 ut
729 461 904 535 fraternitas
923 466 975 522 tua
993 463 1032 523 aci
1054 463 1122 524 aaz·

168 556 276 616 tionem
296 559 481 631 prouinciam
506 563 640 632 transuit,
669 577 736 618 emn
757 561 853 619 eodem
873 559 1042 621 Arelatensi
1066 565 1120 636 epi·

166 672 251 730 scopo
272 656 350 715 debet
370 674 459 732 aque,
481 659 609 732 qualiter,
627 660 711 732 simia
731 663 802 719 sunt
822 660 855 718 irr
874 661 1014 734 episcopis
1033 663 1116 734 uitia,

166 755 358 829 corriperetur.
404 755 461 830 Qui
480 759 507 816 si
525 757 604 830 sorte
624 759 657 815 irr
678 754 865 832 disciplinael
886 760 984 833 uioore
1007 760 1121 834 tepidus

166 855 278 926 mutat,
297 857 362 913 tuae
369 853 567 927 fraternitatis
579 855 640 915 ecio
653 856 849 916 occenctenctus
862 861 910 917 ert.
957 857 1013 918 Oui
1033 860 1119 917 etima

165 951 307 1025 epistuliis
324 952 458 1027 fecimus,
484 958 518 1012 ut
539 971 604 1012 cum
626 958 692 1013 tuae
714 955 878 1015 sanctitatis
894 958 1062 1030 praesentio
1086 959 1119 1017 in

167 1048 284 1123 Galliis,
301 1055 327 1110 et
347 1053 408 1126 ipsc
429 1056 489 1112 toto
508 1057 600 1112 mente
620 1053 781 1126 monum,
804 1057 832 1111 et
849 1071 923 1126 arrae
943 1059 1013 1115 sunt
1033 1055 1117 1116 Crea-

165 1151 238 1208 toris
264 1152 357 1209 nostri
383 1152 506 1211 iussioni
527 1154 678 1224 contrario,
709 1152 746 1211 ab
770 1154 963 1226 episcoporum
991 1155 1119 1214 moribus

165 1253 323 1322 compescat.
388 1249 459 1324 Ipse
493 1256 590 1309 autem
627 1255 707 1310 entra
740 1253 940 1310 auctoritatem
967 1255 1119 1326 propriam

162 1347 311 1421 episcopos
331 1347 497 1408 Gallianum
517 1349 645 1409 iudicare
664 1367 725 1408 non
740 1351 870 1423 poteris,·
891 1351 942 1409 sed
959 1351 1114 1423 suadendo,

164 1445 347 1519 blandiendo,
381 1448 457 1506 bona
483 1465 592 1522 meoque
619 1465 704 1522 opero
732 1465 829 1506 eorum
855 1449 1013 1508 imitationi
1039 1468 1118 1509 morr-

161 1545 293 1612 stmndo.
304 1563 466 1618 prunorum
486 1551 594 1607 mentm
615 1547 655 1606 act
674 1548 838 1607 sanctitatis
856 1548 955 1607 studia
972 1548 1116 1622 reforma·

32 1642 91 1716 θέει
163 1647 235 1718 arria
248 1645 388 1718 seriptum
401 1649 443 1704 est
456 1645 488 1704 in
505 1646 582 1719 leae:
607 1645 681 1710 ‘Per
695 1646 821 1704 alienam
839 1663 955 1705 messem
974 1649 1118 1708 transiens

31 1715 126 1763 ΝΜ
156 1743 270 1816 falcem
293 1744 403 1802 mittere
430 1762 490 1803 non
518 1744 603 1816 debet,
629 1743 678 1804 seri
698 1761 791 1803 manu
812 1744 909 1817 spicas
928 1749 1068 1805 conterere
1090 1751 1117 1805 ct

161 1841 363 1901 manducare’
406 1843 522 1901 Fotcem
540 1843 617 1901 enim
632 1843 732 1901 iudicii
746 1844 857 1902 mittere
869 1861 931 1902 nou
938 1848 1023 1917 potes
1036 1847 1069 1903 in
1082 1863 1116 1904 ea

161 1945 262 2014 scaete,
281 1957 354 2014 prae
366 1941 450 1999 alteri
463 1941 580 2000 uidetur
592 1957 650 2001 esse
665 1942 838 2012 commissa,·
859 1942 909 2001 sect
915 1959 972 2019 per
980 1943 1116 2014 affectum

161 2040 233 2100 troni
260 2041 352 2113 operis
373 2039 527 2112 frumenta
548 2041 694 2100 dominica
721 2041 860 2098 uitiorum
881 2059 1000 2100 suorum
1025 2044 1117 2116 palcis

160 2139 285 2212 asporta
308 2142 335 2196 et
359 2141 391 2198 in
411 2140 542 2198 ecclesiae
562 2155 676 2213 empne
700 2139 842 2197 monendo
861 2143 888 2197 et
902 2141 1112 2215 nummario,

158 2238 249 2312 acrasi
272 2237 435 2297 mandencio
456 2245 595 2298 conante.
646 2238 788 2314 Quicomci
807 2254 876 2297 uero
896 2256 931 2296 eo
948 2241 1117 2300 anctoritate

158 2337 308 2411 opermum
321 2340 370 2409 est,
388 2353 454 2394 curn
462 2337 611 2410 praedicto
624 2337 794 2396 Arelatensi
803 2338 934 2410 episcopo
948 2342 1061 2411 apatur,
1079 2358 1116 2398 nc

151 2437 349 2510 praetermitti
366 2437 461 2509 possit
484 2437 542 2509 troc,
572 2435 649 2510 quod
674 2436 798 2508 antinoo
820 2439 940 2508 patrum
970 2437 1115 2497 institutio

158 2535 285 2593 imunit.
329 2535 546 2594 Brittaniamm
559 2552 627 2594 uero
640 2550 740 2593 omnes
749 2534 892 2610 epusoopos
906 2537 973 2593 tuae
978 2534 1116 2608 fraterni·

158 2633 217 2692 tati
231 2635 443 2706 committimus,
454 2638 488 2694 ut
503 2633 611 2692 indocti
625 2633 788 2704 doccantur,
805 2632 871 2704 infir
877 2633 918 2689 mi
926 2638 1116 2706 persuasione

157 2733 339 2804 roborentur,
347 2733 479 2804 peruersi
493 2734 663 2792 auctoritate
677 2732 866 2804 corripantur.

206 2830 302 2890 VIII.
346 2831 538 2906 Interropatio
566 2830 750 2904 Aupustini:
779 2829 813 2889 Si
839 2847 985 2904 prepnans
1011 2833 1117 2891 mulier

157 2931 263 2991 debeat
288 2929 455 3004 baptizari?
485 2934 538 2988 aut
560 2933 711 3004 postquam
731 2930 868 3003 penuerit
885 2936 953 3004 post
974 2936 1114 3004 armatum

155 3035 274 3103 tempus
301 3029 393 3101 possit
424 3029 567 3087 ecetesiam
594 3029 727 3086 intmre?
760 3029 930 3102 autetiam,
961 3047 997 3088 ne
1027 3035 1115 3089 morte

147 3131 386 3204 praeoccupetur,
403 3127 479 3200 quod
491 3129 628 3201 percurrit,
641 3131 710 3200 post
723 3131 792 3200 quot
806 3127 866 3186 eiics
878 3129 930 3187 trec
944 3129 1025 3186 liceat
1038 3131 1115 3188 sacri

155 3227 345 3302 baptimatis
378 3229 559 3285 sacramenta
592 3227 760 3300 percipere?
793 3229 846 3284 aut
867 3230 935 3299 post
968 3231 1113 3300 quantum

34 3333 54 3370 ’ὃ
65 3332 85 3372 ¹⁹·
153 3327 297 3400 turperis
317 3324 385 3383 truie
404 3325 454 3382 uir
472 3343 545 3384 suus
556 3327 650 3398 possit
664 3325 697 3382 in
715 3321 719 3396 i
738 3326 836 3384 caruis
854 3325 1035 3399 copulatione
1050 3343 1113 3385 corr-

153 3427 244 3500 iunpi
251 3425 267 3482 .⁹
287 3428 346 3497 aut,
359 3425 386 3483 si
399 3428 547 3484 uuustrua
560 3423 765 3483 eonsrrctmiiue
779 3427 896 3496 terretur,
914 3443 955 3482 arr
969 3425 1111 3483 ecetesiam

151 3528 266 3584 intrare
298 3523 324 3580 ci
353 3522 443 3596 liceat,
478 3526 531 3581 aut
564 3539 663 3582 sacrm
696 3523 905 3582 communionis
932 3528 1113 3582 sacramenta

145 3621 325 3701 percipere?
355 3626 406 3680 aut
434 3621 484 3680 uir
508 3639 578 3682 suae
603 3621 721 3695 ooniupi
748 3623 916 3696 permistus,
938 3624 1111 3696 priusquam

153 3723 276 3784 lauctm
297 3739 382 3795 amca,
406 3722 432 3781 si
457 3721 602 3781 secusiam
620 3721 716 3794 possit
739 3721 871 3780 intrare?
892 3722 939 3779 net
962 3722 1048 3781 etiarn
1072 3723 1113 3781 ad

547 3914 555 3944 ¹
572 3919 629 3968 -uis
640 3917 674 3966 Μ.
685 3917 716 3968 N.
