2859 4334
136 248 276 313 cmm]
438 240 780 330 anteloquium.
1019 242 1083 311 805

133 415 238 477 leuam
265 417 357 479 nobis
383 420 450 495 sita,
481 440 582 482 unum
609 421 692 482 latus
723 420 861 482 fflmmis
892 418 1085 481 sernentibus

134 514 272 607 nimium
285 516 433 594 terribile,
450 520 583 581 alterum
602 522 721 583 furenti
733 522 739 553 ¹
755 521 956 600 grandinoso
968 519 1084 595 frigore

134 614 260 675 niuium
285 617 391 678 omnia
416 619 569 695 perflante
594 624 687 698 atcue
713 624 857 681 uertente
884 639 950 681 non
977 618 1085 679 minus

133 710 329 775 intolerabile
349 717 546 793 praeferebat.
590 718 788 797 Utrumque²
808 722 914 780 autem
935 720 1000 779 erat
1021 717 1086 777 ani·

133 814 248 875 mabus
271 816 437 878 hominum
464 818 594 896 plenum
603 820 622 893 ³,
648 838 727 895 quae
754 818 894 879 uicissim
920 818 983 879 huc
1009 816 1085 878 inde

133 912 321 976 uidebantur
346 916 435 994 quasi
461 918 654 995 tempestatis
680 919 803 995 impetu
833 916 947 979 iactari.
1002 916 1084 977 eum

133 1011 221 1073 enim
256 1016 323 1075 uim
354 1016 487 1077 feruoris
513 1018 652 1078 inmensi
685 1018 817 1078 tolerare
850 1036 913 1077 non
941 1015 1079 1092 possent,

132 1113 335 1189 prosiliebant
359 1116 489 1176 miserae
513 1116 547 1177 in
571 1118 710 1179 medium
735 1116 865 1195 rigoris⁴
891 1115 1020 1190 iniesti;
1049 1117 1083 1175 et

133 1232 207 1274 cum
232 1232 334 1291 neque
358 1213 403 1274 ibi
425 1214 585 1292 quippiam
612 1216 731 1294 requiei
757 1216 901 1277 inuenire
929 1214 1079 1286 ualerent,

131 1310 312 1373 resiliebant
344 1332 451 1373 rursus
478 1316 613 1375 urendae
643 1315 677 1375 in
712 1315 852 1375 medium
882 1314 1082 1374 flammemur

131 1412 431 1491 inextinguibilium.
477 1414 619 1490 Cumque
643 1414 700 1475 hac
723 1413 842 1474 infelici
864 1411 1082 1473 uicissitudine

131 1512 226 1590 longe
239 1513 370 1589 lateque,
384 1514 477 1588 prout
491 1512 626 1589 aspicere
640 1516 788 1590 poteram,
806 1512 875 1573 sine
888 1512 954 1571 ulla
968 1510 1083 1588 quietis

131 1610 364 1688 intercapedine
405 1610 643 1671 innumerabilis
682 1612 851 1688 spirituum
893 1610 1082 1671 deformium

131 1709 305 1771 multitudo
319 1710 522 1786 torqueretur,
539 1709 672 1787 cogitare
682 1710 777 1785 coepi,
789 1710 873 1786 quod
887 1708 939 1769 hic
951 1708 1083 1769 fortasse

131 1812 215 1871 esset
248 1810 400 1881 infernus,
436 1809 474 1868 de
510 1809 598 1869 cuius
632 1809 799 1868 tormentis
834 1806 1083 1868 intolerabilibus

132 1908 273 1969 narrari⁵
294 1906 418 1983 saepius
441 1906 555 1967 audiui
600 1906 775 1983 Respondit
793 1905 974 1983 cogitationi
993 1924 1082 1966 meae

131 2007 252 2079 ductor,
277 2005 332 2083 qui
355 2026 407 2066 me
430 2005 650 2082 praecedebat:
683 2002 784 2064 “Non
811 2005 900 2078 hoc,”
923 2003 1079 2080 inquiens,

135 2108 155 2137 ‘⁶
166 2104 350 2183 auspiceris3
381 2122 447 2165 non
469 2104 555 2165 enim
577 2103 628 2165 bic
652 2104 797 2167 infernus
822 2107 872 2165 est
898 2102 961 2177 ille,
985 2120 1081 2181 quem

129 2204 255 2282 putas.”

177 2304 242 2363 ‘At
268 2322 340 2363 cum
367 2322 420 2363 me
447 2302 505 2363 hoc
532 2304 706 2381 spectaculo
733 2306 800 2365 tam
834 2302 989 2364 horrendo
1019 2318 1084 2377 per·

133 2404 282 2464 territum
301 2401 450 2479 paulatim
471 2402 506 2461 in
526 2402 672 2463 ulteriora
690 2404 880 2479 produceret
898 2400 965 2462 uidi
979 2399 1083 2462 subito

133 2506 209 2563 ante
233 2521 292 2561 nos
314 2501 469 2561 obscurari
491 2500 628 2579 incipere
650 2500 725 2576 loca,
753 2505 786 2561 st
811 2498 951 2561 tenebris
976 2498 1085 2560 omnia

131 2600 255 2677 repleri.
301 2600 383 2675 Quas
407 2620 479 2661 cum
500 2599 695 2674 intraremus,
722 2600 757 2659 in
780 2602 906 2660 tantum
927 2598 1086 2675 paulisper

131 2699 341 2759 condensatae
362 2702 445 2773 sunt,
473 2703 510 2759 ut
538 2698 619 2759 nihil
647 2702 768 2777 praeter
795 2698 878 2775 ipsas
905 2697 1081 2774 aspicerem,

132 2800 261 2874 excepta
275 2798 438 2858 dumtaxat
450 2798 551 2875 specie
565 2800 597 2857 et
609 2800 698 2859 ueste
711 2797 787 2871 eius,
805 2796 859 2874 qui
872 2816 924 2856 me
941 2793 1080 2857 ducebat.

50 2932 78 2967 ·,
131 2894 176 2956 Et
199 2916 272 2955 cum
292 2897 548 2983 progrederemur
572 2896 653 2957 ‘sola
673 2897 732 2957 sub
753 2898 843 2957 nocte
863 2916 918 2973 per
937 2894 1084 2967 umbras‚’

131 3012 203 3055 ecce
236 2994 338 3055 subito
373 2997 522 3072 apparent
555 2998 628 3056 ante
661 3015 720 3056 nos
752 2995 851 3055 crebri
884 2994 1083 3055 flammarum

131 3094 285 3154 tetrarum
309 3092 402 3171 globi,
428 3095 631 3155 ascendentes
653 3095 743 3172 quasi
766 3095 805 3154 de
832 3095 928 3171 puteo
955 3110 1080 3169 magno,

132 3210 322 3270 rursumque
335 3192 515 3253 decidentes
527 3192 560 3253 in
575 3194 718 3253 eundem.
758 3193 906 3267 Quocum
916 3190 1084 3268 perductus

131 3310 244 3365 essem,
268 3294 395 3367 repente
416 3292 527 3352 ductor
552 3312 641 3352 meus
665 3291 824 3367 disparuit,
850 3309 884 3349 ac
906 3309 958 3349 me
979 3287 1083 3349 solum

131 3388 166 3449 in
196 3389 301 3450 medio
327 3389 528 3450 tenebrarum
557 3392 588 3449 et
615 3390 760 3450 horridae
787 3388 918 3449 uisionis
944 3385 1079 3463 reliquit.

130 3490 178 3550 At
203 3508 275 3549 cum
296 3489 381 3550 idem
401 3489 487 3568 globi
507 3490 630 3568 ignium
651 3489 720 3550 aine
739 3486 971 3548 intermissione
988 3486 1083 3546 modo

130 3586 196 3648 elta
229 3590 378 3665 peterent,
410 3589 503 3649 modo
537 3589 601 3649 ima
630 3586 746 3648 baratri
775 3586 958 3663 repeterent,
989 3604 1082 3645 cerno

130 3685 248 3761 omnia,
263 3706 341 3763 quae
351 3686 565 3763 ascendebant,
574 3686 697 3764 fastigia
705 3685 904 3745 flammarum
914 3684 1083 3760 plenaease

166 3846 311 3898 'ternanti
324 3849 361 3898 Μ.
450 3848 575 3913 ¹utrque
586 3848 640 3911 Μὴ
657 3850 770 3911 uterque
781 3848 828 3900 Μ’.
945 3844 1035 3896 ¹·naa
1046 3844 1083 3897 ti.

129 3926 470 3993 ‘trigorialt.H,.D.&c
536 3926 723 3978 ‘narrarelt

594 4026 617 4071 X
