2859 4334
152 268 211 320 cn.
225 263 317 330 xxm]
453 257 568 325 Gentis
590 259 796 346 Aspiciam.
1039 267 1101 330 199

148 429 230 502 tiam,
247 448 320 504 meae
333 449 386 492 uos
399 439 561 510 nostrosque
574 455 672 497 omna
686 439 719 496 in
729 440 862 498 manitas
876 439 957 499 tonte
969 442 1102 514 aporiare

148 529 291 590 auxiliari
319 531 460 606 arcuatur,
490 538 525 592 at
550 553 617 594 aaa
645 535 762 597 Christo
789 539 822 595 ta
844 537 952 611 satum
979 542 1102 614 maeatis

147 628 268 686 saecula
311 629 492 690 Incolumcm
509 635 703 694 excellentiam
723 641 851 696 uestram
863 639 961 712 aratio
974 655 1101 713 aspersa

147 726 311 786 caedat!

190 821 267 898 Quis
288 843 363 885 sane
383 845 438 902 pro
460 827 621 906 Uighnnlo
642 835 804 908 reppertus
824 853 859 892 ac
879 833 1039 894 dedicatus
1056 835 1098 894 sit

147 921 288 997 antistes,
312 923 392 985 libro
412 929 562 1004 sequente
582 929 766 1005 oportunius
787 931 913 992 dicetur.

494 1159 586 1220 clf.
610 1161 713 1222 XXX.

150 1322 178 1368 Ut
190 1321 315 1369 Ortmolaa
330 1323 432 1370 Smenos
443 1327 539 1381 tempore
549 1327 697 1372 mortalitatis
711 1329 744 1372 ad
755 1327 887 1372 tddatnam
901 1328 993 1385 reuersi,
1007 1329 1047 1373 sed
1056 1341 1098 1383 per

237 1403 377 1448 instantiam
388 1403 535 1448 lcrumannt
544 1399 550 1428 ¹
562 1405 660 1460 episcopt
671 1417 724 1449 moer
734 1406 781 1450 sint
791 1407 822 1450 ab
831 1418 904 1450 mora
914 1407 1012 1453 oerrccti.

188 1517 303 1578 Eonaar
331 1522 470 1595 tempore
497 1519 675 1596 prouinciae
702 1520 910 1580 Orientalium
937 1522 1096 1582 Saxonum

145 1619 219 1694 post
233 1617 480 1692 Suidhelmum²‚
499 1618 537 1678 de
559 1639 620 1696 quo
641 1638 734 1696 supra
754 1619 900 1695 diximus,
917 1621 1097 1697 praefuere³

145 1734 235 1792 reges
249 1715 393 1794 Sigheri⁴
407 1721 440 1777 et
453 1716 557 1792 Sebbi,
575 1719 720 1794 quamuis
740 1718 801 1794 ipsi
823 1718 889 1795 regi
909 1719 1096 1779 Marciorum

146 1813 328 1876 Uullhera⁶
356 1814 494 1876 subiecti.
550 1815 634 1891 Quae
663 1816 808 1876 uidelicet
834 1817 996 1894 prouincia
1023 1838 1095 1877 cum

143 1913 300 1990 praefatae
320 1913 520 1975 mortalitatis
539 1914 626 1975 clade
644 1919 847 1991 premeretur,
864 1915 1008 1992 Sigheri‘
1023 1936 1095 1977 cum
1112 1929 1234 1986 Aposmy

143 2031 201 2072 sua
215 2014 303 2088 parte
316 2012 432 2090 populi,
448 2013 564 2073 relictis
578 2013 772 2074 Christianae
791 2014 864 2074 fidei
881 2015 1091 2089 sacramentis,
1112 1989 1258 2093 ssffim

142 2105 183 2166 ed
211 2107 399 2184 apostasiam
427 2127 596 2168 conuersus
624 2109 678 2168 est
725 2108 806 2168 Nam
834 2112 866 2168 et
893 2108 958 2185 ipse
982 2129 1037 2168 rex
1064 2113 1095 2169 et
1112 2109 1227 2212 ms·

141 2204 273 2282 plurimi
300 2205 340 2266 de
363 2205 454 2282 plebe
481 2206 548 2266 siue
576 2207 788 2283 optimatibus,
817 2207 985 2284 diligentes
1012 2208 1095 2268 hanc

142 2303 252 2378 uitam,
281 2307 312 2364 et
335 2303 474 2365 futuram
499 2325 563 2366 non
591 2309 783 2383 quaerentes,
811 2307 878 2365 siue
906 2308 1002 2366 etiam
1029 2327 1094 2368 non

141 2421 211 2462 esse
230 2403 397 2479 credentes,
416 2407 583 2480 coeperunt
602 2404 681 2480 fana,
704 2424 784 2482 quae
804 2403 951 2465 derelicta
971 2410 1061 2466 erant
1072 2406 1090 2480 ⁸,

140 2505 324 2577 restaurare,
335 2509 367 2562 et
380 2504 506 2563 adorare
519 2501 692 2578 simulacra,
706 2503 794 2580 quasi
808 2523 864 2580 per
878 2503 953 2563 haec
967 2509 1094 2580 possent

139 2619 160 2660 a
183 2600 375 2662 mortalitate
399 2601 532 2662 defendi.
577 2602 674 2662 Porro
697 2603 799 2662 socius
823 2603 889 2662 eius
911 2605 943 2662 et
967 2603 1094 2664 coheres

140 2699 233 2777 regni
255 2699 403 2776 eiusdem,
431 2699 533 2776 Sebbi,
560 2719 674 2776 magna
698 2700 793 2759 fidem
815 2704 993 2777 perceptam
1019 2722 1091 2761 cum

141 2798 209 2860 suis
236 2798 383 2858 omnibus
411 2799 577 2859 deuotione
604 2800 749 2872 seruauit,
775 2818 898 2875 magna,
924 2802 960 2859 ut
988 2801 1022 2859 in
1051 2821 1093 2860 so

141 2896 315 2976 quentibus
328 2898 475 2972 dicemus,
493 2898 592 2957 uitam
606 2897 732 2958 fidelem
753 2897 901 2957 felicitate
922 2899 1088 2974 conpleuit.

140 2995 233 3072 Quod
269 2995 323 3056 ubi
353 3015 407 3056 rex
443 2995 609 3056 Uulfheri⁷
637 2997 785 3072 conperit,
816 2995 911 3055 fidem
947 2997 1093 3058 uidelicet

139 3096 321 3173 prouinciae
337 3115 374 3155 ex
388 3099 476 3172 parte
489 3095 691 3172 profanatam,
709 3094 798 3154 misit
816 3093 855 3152 ad
875 3095 1092 3172 corrigendum

138 3213 287 3270 errorem,
305 3193 570 3271 reuocandamque
583 3193 622 3253 ad
637 3192 733 3252 fidem
745 3191 884 3253 ueritatis
898 3193 1090 3268 prouinciam

138 3293 312 3354 Iaruman⁸
339 3294 527 3370 episcopum,
555 3292 610 3370 qui
640 3311 795 3352 successor
822 3294 887 3351 erat
913 3291 1088 3356 Trumheri

35 3419 72 3450 »ι
141 3395 146 3462 Ι
176 3393 238 3468 Qui
266 3391 367 3452 multa
394 3411 490 3470 agens
516 3390 649 3466 solertia,
677 3390 764 3452 iuxta
792 3388 874 3466 quod
903 3391 984 3451 mihi
1012 3384 1091 3467 pres

138 3491 242 3568 eyter,
260 3491 313 3568 qui
337 3509 441 3550 comes
464 3489 584 3550 itineris
606 3489 655 3548 illi
678 3491 709 3548 et
734 3493 912 3566 cooperator
933 3490 1021 3550 uerbi
1043 3510 1091 3550 ex·

138 3591 257 3664 titerat,
280 3589 440 3665 referebat,
468 3592 533 3649 erat
561 3589 647 3648 enim
669 3588 834 3666 religiosus
855 3593 887 3650 et
907 3589 1007 3650 bonus
1030 3589 1085 3664 uir,

172 3749 178 3778 ¹
199 3750 267 3798 iaro-
280 3749 313 3799 N.
395 3747 405 3776 ²
421 3749 598 3798 suithalmum
610 3749 630 3798 Ο
643 3765 650 3810 ;
666 3749 831 3798 suidelmum
843 3750 876 3800 N.
958 3749 968 3776 ¹
984 3763 1043 3811 pro·
1055 3749 1091 3799 M.

134 3829 144 3858 ⁴
162 3843 204 3878 ·re
216 3827 246 3877 0.
258 3825 299 3878 13².
409 3825 419 3856 ⁵
435 3841 474 3876 -το
487 3827 516 3877 0.
529 3827 561 3878 N.
671 3825 681 3856 ⁸
698 3833 756 3877 erat
768 3827 814 3878 w.
826 3827 869 3880 Νι.
983 3825 994 3855 ²
1010 3843 1050 3876 ·re
1061 3829 1091 3878 O.

134 3907 145 3936 ⁸
163 3909 239 3956 inru-
250 3905 279 3956 G.
