2859 4334
132 265 188 316 co.
202 259 262 326 ιιι.]
430 252 545 320 Gentis
567 253 772 340 aleatorum.
1014 257 1077 320 131

129 423 170 484 ita
190 444 304 486 sanum
325 424 489 487 brachium
510 447 702 505 manumque
724 425 867 504 repperit,
892 447 927 488 ac
950 427 977 488 si
997 428 1078 489 nihil

129 543 279 601 umquam
294 526 375 585 tanti
390 525 528 604 langoris
541 527 702 587 habuisset
711 525 730 587 ¹.

509 744 601 806 uAP.
626 743 681 804 111
689 742 708 805 ¹.

129 913 156 958 t'l
166 913 230 958 idem
240 926 282 959 rar
288 913 410 970 meabas
427 914 454 959 dc
465 916 528 970 acac
540 915 667 959 Smltoncm
683 914 812 959 caudicem
822 916 932 970 aocepnit
941 915 1078 972 Attianum,

176 993 295 1048 οιίἰηηφω
307 993 333 1036 ia
345 991 424 1038 imcda
435 992 646 1049 Liadicsorneaw
657 994 734 1038 aedem
744 993 888 1048 episcopam
898 994 1030 1040 macrii.

167 1137 253 1198 Inna
268 1159 340 1216 ergo
355 1137 471 1198 Osuald
481 1139 500 1213 ⁴,
518 1157 592 1199 mox
609 1137 664 1198 ubi
685 1157 818 1215 regnum
836 1139 981 1216 suscepit,
998 1138 1076 1199 desi-
1092 1149 1176 1194 Aluan
1185 1154 1242 1195 senc

126 1237 240 1297 derans
258 1239 366 1310 totam,
385 1237 435 1296 cui
453 1256 592 1324 praeesse
610 1237 718 1313 coepit,
738 1239 865 1312 gentem
884 1237 957 1297 fidei
973 1237 1077 1298 Chris-
1094 1209 1234 1324 ffffioss

127 1337 231 1396 tianae
252 1335 352 1413 gratia
372 1335 469 1410 intui,
489 1336 577 1396 cuius
597 1335 813 1412 experimenta
832 1336 1025 1413 permaxima
1044 1336 1079 1396 in
1095 1329 1221 1433 Ἐπ’

126 1434 344 1512 expugnandis
363 1434 500 1494 barbaris
521 1434 584 1494 iam
606 1434 757 1510 ceperat⁶,
782 1434 870 1494 misit
889 1435 927 1495 ad
949 1436 1081 1495 maiores

127 1536 205 1594 natu
232 1534 418 1614 Scottorum,
443 1534 525 1594 inter
546 1554 624 1611 quos
645 1533 774 1593 exulans
794 1533 861 1610 ipse
883 1535 1082 1612 baptismatis

127 1635 323 1692 sacramenta
336 1652 408 1692 cum
427 1633 485 1708 his,
503 1632 558 1709 qui
572 1651 678 1691 secum
695 1634 793 1701 erant,
807 1632 965 1693 militrbus
979 1653 1082 1693 conse·

127 1735 220 1792 cutus
241 1734 326 1804 erat;
347 1733 463 1807 petens,
490 1735 526 1792 ut
547 1729 606 1790 sibi
628 1731 807 1789 mitteretur
826 1730 967 1804 antistes,
992 1733 1081 1793 cuius

128 1829 270 1890 doctrina
284 1849 318 1888 ac
335 1829 511 1889 ministerio
526 1847 609 1905 gens,
628 1847 724 1903 quam
738 1829 873 1904 regebat,
890 1829 1077 1905 Anglorum,

128 1927 301 1988 dominicae
320 1927 393 1987 fidei
414 1931 445 1987 et
466 1927 547 1987 dona
568 1926 708 2000 disceret,
727 1929 759 1986 et
781 1928 971 2005 susciperet⁶
989 1949 1083 1989 sacra·

128 2031 244 2088 menta
291 2027 399 2103 Neque
422 2026 581 2104 aliquanto
605 2025 734 2100 tardius,
764 2027 847 2103 quod
871 2027 972 2106 petiit,
997 2028 1081 2106 inpe

128 2127 244 2201 tranit;
265 2125 381 2203 accepit
400 2145 535 2203 namque
554 2123 735 2202 pontificem
751 2125 918 2186 Aedanum
938 2147 1080 2187 summae

128 2224 387 2300 mansuetudinis,
418 2227 449 2285 et
476 2224 608 2302 pietatis,
639 2243 674 2283 ac
708 2225 931 2286 moderammis
963 2227 1077 2300 uirum,

39 2353 78 2384 ιι
88 2355 107 2383 ι,
128 2324 360 2400 habentemque
372 2322 474 2383 zelum
485 2323 552 2398 Dei,
567 2321 712 2400 quamuis
724 2342 788 2382 non
803 2322 896 2399 plene
906 2325 1079 2385 secundum

128 2423 300 2484 scientiam.
346 2422 490 2498 Namque
511 2421 612 2481 diem⁷
635 2420 767 2496 paschae
785 2419 977 2483 dominicum
993 2443 1080 2483 more

127 2541 202 2582 suae
233 2521 336 2600 gentis
347 2521 365 2594 ⁸,
397 2521 486 2580 cuius
515 2519 637 2596 saepius
664 2518 858 2580 mentionem
889 2521 1029 2596 fecimus,
1063 2542 1082 2583 a
1175 2584 1182 2597 ,

127 2620 251 2680 xlma
270 2619 346 2679 luna
365 2639 463 2696 usque
481 2620 520 2679 ad
541 2619 639 2678 Xle
659 2618 822 2678 obseruare
839 2619 965 2680 solebat.
1010 2621 1081 2680 Hoc
1113 2654 1116 2661 =

127 2719 247 2778 etenim
282 2717 391 2778 ordine
423 2718 673 2795 septentrionalis
703 2719 880 2779 Scottorum
911 2718 1077 2794 prouincia.

126 2821 161 2876 et
185 2817 290 2877 omnis
312 2815 398 2876 natio
421 2817 582 2878 Pictorum
604 2817 660 2877 illo
683 2817 786 2877 adhuc
809 2819 948 2892 tempore
968 2817 1082 2894 pascha

40 2943 61 2972 ι
125 2915 335 2985 ldominicum
344 2914 526 2988 celebrabat,
537 2914 793 2976 aestimanssein
801 2914 858 2974 hac
867 2915 1081 2975 obseruantia·

124 3013 231 3075 sancti
249 3034 284 3073 ac
304 3013 395 3073 laude
417 3013 504 3090 digni
522 3014 619 3092 patris
639 3013 780 3074 Anatolii
798 3015 913 3090 scripta
931 3017 1077 3075 secutam.

124 3111 221 3188 Quod
236 3131 276 3172 an
291 3131 402 3171 uerum
417 3111 466 3185 sit,
484 3111 601 3188 peritus
612 3113 745 3189 quisque
756 3110 902 3170 facillime
912 3111 1077 3189 cognoscit.

122 3213 229 3274 Porro
243 3213 351 3288 gentes
366 3210 551 3286 Scottorum,
565 3230 643 3287 quae
657 3210 691 3270 in
708 3209 896 3270 australibus
910 3210 1080 3271 Hiberniae

121 3311 252 3372 insulae
276 3309 416 3386 partibus
439 3309 649 3383 morabantur,
677 3309 859 3369 iamdudum
883 3309 921 3368 ad
944 3309 1081 3369 admoni-

121 3411 249 3471 tionem
264 3407 447 3485 apostolicae
461 3407 543 3468 sedis
556 3407 713 3482 antistitis,
728 3407 843 3484 pascha
855 3407 1003 3468 canonico
1016 3407 1080 3469 ritu

119 3509 294 3568 obseruare
308 3505 490 3567 didicerunt.

160 3673 169 3702 ¹
194 3669 509 3732 -wntcntopwtn
544 3671 733 3742 'cumberedc't
745 3675 837 3730 tatem,
849 3675 886 3722 c’r'c'.
898 3673 1080 3734 sumptaque,

118 3756 181 3802 and
195 3767 219 3799 co
229 3755 285 3798 arith
296 3755 331 3798 lac
342 3755 478 3810 meamea
487 3755 590 3810 chapters
601 3757 622 3800 to
631 3755 684 3800 xlii.
697 3754 814 3800 inducite.
866 3750 877 3782 ⁸
894 3750 1038 3801 lindifarn·
1050 3753 1083 3804 N.

115 3835 127 3864 ⁴
148 3829 272 3880 munna
284 3829 313 3879 O.
380 3829 566 3892 'coeperatG.
636 3827 856 3892 ‘susceperltlb
928 3828 1028 3880 'idam
1037 3831 1083 3882 M'.

114 3913 126 3940 ⁸
145 3910 231 3960 diem
243 3945 249 3958 .
262 3945 270 3958 .
283 3908 387 3970 ‚gentis
397 3923 442 3958 cen.
454 3908 486 3958 N.
585 3907 595 3938 ⁹
611 3908 798 3956 obseruatione
810 3907 846 3957 ll.

580 4006 634 4047 xa
