2859 4334
357 255 421 318 134
626 253 785 320 Historia
806 253 1037 320 Ecclesiastico
1183 263 1285 328 [unu.

357 426 437 483 esset
451 442 605 484 annorum
623 421 803 499 LXXVIP,
820 429 891 501 post
909 444 1008 484 annos
1025 423 1148 484 circiter
1166 420 1253 482 XXX
1263 424 1285 478 et

357 523 435 581 duos
443 520 463 596 ²,
494 543 531 582 ex
559 542 620 600 quo
648 515 715 599 ipse
744 523 934 583 Brittaniam
961 523 1195 600 praedicaturus
1216 518 1283 579 adiit
1372 602 1373 605 Ἴ

358 620 485 680 Fecerat
498 623 613 696 autem,
631 622 812 698 priusquam
829 621 1021 681 Brittaniam
1038 621 1170 694 ueniret,
1186 636 1286 678 monas

357 719 473 779 terium
498 719 603 780 nobile
630 719 665 778 in
693 720 856 795 Hibernia,
887 721 970 796 quod
997 740 1017 779 a
1043 719 1133 796 copia
1160 717 1286 777 roborum

357 817 552 878 Dearmach⁸
566 817 675 895 lingua
685 819 870 892 Scottorum,
883 818 943 878 hoc
953 823 1001 878 est
1011 837 1140 895 campus
1148 815 1284 879 robonm,

358 916 604 993 cognominatur.
651 917 700 976 Ex
721 938 784 994 quo
806 921 940 995 utroque
961 917 1151 978 monasterio
1173 913 1288 993 plurima

358 1014 470 1074 exinde
491 1015 679 1074 monasteria
695 1035 751 1092 per
771 1016 939 1094 discipulos
959 1017 1027 1077 eius
1047 1021 1078 1076 et
1098 1015 1133 1074 in
1153 1009 1289 1073 Brittania

358 1115 390 1172 et
417 1112 452 1171 in
477 1112 630 1172 Hibernia
658 1116 826 1192 propagata
852 1120 936 1189 sunt,
963 1115 999 1175 in
1024 1112 1141 1192 quibus
1164 1109 1289 1173 omnibus
1374 1108 1375 1173 ἶ

359 1211 443 1271 idem
465 1211 691 1271 monasterium
711 1212 903 1289 insulanum,
921 1214 956 1273 in
976 1234 1039 1290 quo
1059 1213 1127 1290 ipse
1145 1206 1289 1288 requiescit

359 1329 492 1385 corpore,
508 1309 719 1386 principatum
735 1314 865 1372 teneret

401 1408 525 1468 Habere
553 1411 659 1467 autem
683 1409 762 1468 solet
789 1409 857 1485 ipsa
878 1410 983 1470 insula
1009 1413 1161 1470 rectorem
1187 1423 1288 1481 semper

360 1507 503 1567 abbatem
522 1507 748 1584 presbyterum,
766 1509 855 1568 cuius
875 1511 937 1570 iuri
958 1512 990 1569 et
1010 1509 1116 1568 omnis
1136 1503 1283 1584 prouincia,
1375 1496 1376 1501 ἵ

361 1608 392 1664 et
415 1605 475 1681 ipsi
504 1605 599 1664 etiam
622 1605 758 1682 episcopi
781 1607 891 1668 ordine
916 1608 1067 1668 inusitato
1092 1606 1219 1666 debeant
1236 1621 1288 1660 esse

359 1704 499 1779 subiecti,
526 1703 613 1764 iuxta
641 1705 822 1782 exemplum
849 1706 945 1783 primi
972 1705 1108 1766 doctoris
1131 1704 1222 1777 illius
1248 1698 1289 1777 qui

361 1822 426 1862 non
454 1803 623 1880 episcopus,
655 1804 708 1863 sed
737 1806 900 1882 presbyter
928 1805 1033 1865 extitit
1061 1810 1094 1864 et
1122 1803 1291 1870 monachum

361 1900 400 1960 de
414 1901 502 1962 cuius
515 1902 582 1962 uita
598 1905 629 1963 et
643 1903 748 1963 uerbis
760 1903 914 1964 nonnulla
927 1924 946 1963 e
955 1903 1119 1981 discipulis
1132 1903 1198 1962 eius
1209 1901 1293 1960 semn-

361 2003 414 2059 tur
433 2001 547 2077 scripta
566 2000 682 2061 haberi.
729 2001 849 2062 Uerum
870 2002 1108 2080 qualiscumque
1129 1999 1292 2075 sicutipse,

361 2117 419 2157 nos
439 2099 497 2158 hoc
518 2100 556 2158 de
577 2097 631 2158 illo
652 2103 772 2159 certum
793 2103 947 2171 tenemus,
962 2102 1036 2178 quia
1055 2100 1183 2177 reliquit
1198 2115 1296 2158 succes

361 2215 445 2257 sores
459 2217 572 2274 magna
586 2199 796 2258 continentia⁴
818 2219 853 2259 ac
869 2199 978 2259 diuino
994 2219 1103 2259 amore
1121 2196 1296 2276 regularique

362 2295 562 2355 institutione
587 2295 748 2373 insignes3
776 2297 811 2356 in
838 2301 979 2374 tempore
1002 2297 1133 2376 quidem
1151 2297 1155 2370 i
1174 2301 1364 2356 summario·

363 2393 542 2452 festiuitatis
570 2393 681 2454 dubios
705 2395 836 2456 circulos
862 2400 1036 2474 sequentes,
1064 2399 1174 2472 utpote
1200 2393 1299 2471 quibus

363 2492 456 2568 longe
483 2491 565 2551 ultra
589 2492 695 2551 orbem
719 2494 830 2570 positis
854 2515 949 2555 nemo
974 2495 1136 2572 synodalia
1162 2489 1299 2572 paschalis

364 2589 579 2650 obseruantiae
601 2591 724 2650 decreta
744 2597 942 2668 porrexerat;
962 2597 1090 2654 tantum
1112 2614 1157 2668 en,
1181 2588 1299 2669 quaein

363 2688 560 2765 propheticis,
584 2690 780 2766 euangelicis,
804 2695 836 2750 et
860 2691 1038 2770 apostolicis
1062 2691 1179 2751 litteris
1197 2690 1300 2749 discere

363 2788 515 2862 poterant,
539 2787 665 2863 pietatis
686 2793 718 2848 et
740 2790 892 2850 castitatis
916 2810 1010 2867 opera
1027 2790 1195 2866 diligenter
1213 2787 1301 2846 obser-

365 2887 482 2945 nantes
548 2886 727 2946 Permansit
761 2891 866 2948 autem
900 2888 1085 2948 huiusmodi
1119 2881 1301 2950 obsemantia

364 2981 517 3057 paschalis
549 2985 631 3060 apud
670 3006 724 3045 eos
758 2989 900 3062 tempore
935 3007 1000 3046 non
1035 3007 1142 3063 pauco,
1175 2987 1230 3045 hoc
1260 2986 1301 3040 est

365 3099 463 3157 usque
495 3083 533 3141 ed
568 3102 688 3143 annum
722 3084 894 3144 dominicae
925 3085 1150 3145 incarnationis
1176 3076 1302 3145 Docxv

365 3199 421 3255 per
441 3199 541 3240 annos
561 3181 620 3241 GL.

407 3280 452 3337 At
473 3281 548 3338 tunc
569 3280 714 3340 ueniente
735 3281 775 3340 ad
796 3302 850 3342 eos
869 3282 1125 3343 reuerentissimo
1141 3286 1173 3342 et
1190 3276 1299 3340 sanctie

220 3420 251 3449 ου
366 3375 447 3436 simo
470 3381 557 3452 petre
579 3382 610 3437 et
632 3379 789 3439 sacerdote
811 3381 1012 3458 Ecgbemw,
1039 3381 1079 3441 de
1103 3382 1226 3442 natione
1245 3379 1302 3436 An·

225 3479 238 3509 ⁰
366 3475 498 3552 glorum‚
516 3477 569 3553 qui
583 3477 616 3537 in
632 3478 785 3538 Hibernia
795 3479 915 3540 diutius
924 3480 1105 3542 exulauerat
1114 3501 1170 3558 pro
1180 3478 1298 3546 Christo,

283 3556 289 3570 ⁸
367 3578 493 3651 eratque
510 3579 541 3636 et
555 3577 755 3638 doctissimus
768 3577 803 3637 in
813 3579 985 3655 scripturis,
1002 3583 1035 3640 et
1048 3579 1216 3658 longaeua‘
1227 3574 1301 3634 uitae

399 3753 536 3804 ¹LXXV1
548 3757 579 3806 N.
648 3756 822 3808 ²0t1111u.
877 3757 1056 3823 'deanmagh
1069 3761 1113 3811 N¹.
1177 3761 1300 3818 'magnffl

367 3833 550 3959 {eminentiae
562 3835 592 3884 Β.
681 3836 692 3866 ⁸
708 3838 831 3898 egbercte
842 3837 866 3888 N
878 3854 886 3894 ς
902 3839 1061 3901 ecgberchto
1073 3838 1103 3891 0.
1193 3838 1203 3866 ⁶
1216 3838 1300 3895 longae

396 3946 401 3960 .
417 3910 464 3975 111.
