2859 4334
143 305 285 372 cmm]
450 295 565 362 Gentis
588 295 793 380 duplorum.
1029 298 1094 360 229

29 513 33 564 ζ,
63 541 67 550 ¹
144 471 211 546 Quo
226 471 320 530 stiam
334 490 417 530 anuo
436 473 504 530 orta
521 469 604 529 inter
622 469 726 546 ipsum
740 490 844 547 regem
861 470 1043 547 Ecgiridum
1062 475 1094 530 et
1112 486 1251 540 Expunion

64 633 68 642 ¹
141 569 430 629 reuerentissimum
444 568 618 628 antistitem
632 568 807 628 Uilfridum
816 568 1016 643 dissensione,
1029 569 1094 646 pul·
1110 545 1257 661 ῘΉΨ*

141 687 194 727 sus
218 671 266 728 est
290 668 375 728 idem
396 668 528 726 antistes
549 687 568 726 a
587 667 659 726 sede
680 667 731 726 sui
751 666 953 744 episcopatus,
978 671 1010 727 et
1030 668 1093 728 duo

140 765 173 825 in
201 766 306 826 locum
333 765 400 826 eius
428 765 591 826 substituti
620 765 764 842 episcopi,
791 765 846 843 qui
875 767 1091 844 Nordanhym-

140 865 268 925 brorum
296 865 384 942 genti
411 868 610 940 praeessent;
644 863 743 924 Bosa¹
777 864 930 939 uidelicet,
959 865 1013 942 qui
1035 865 1092 925 De

140 984 254 1038 rorum,
280 967 311 1023 et
336 964 421 1038 Eata,
446 963 501 1040 qui
525 962 744 1024 Bernioiorum
766 964 961 1040 prouinciam
983 965 1091 1040 guber·
1109 982 1261 1028 Divisionof

139 1066 250 1137 naret;
272 1062 323 1122 hic
336 1063 371 1122 in
386 1063 513 1122 ciuitate
528 1061 689 1138 Eburaci',
707 1062 762 1121 ille
775 1063 809 1121 in
824 1063 1091 1139 Hagustaldeusi³
1108 1042 1255 1147 Ἐπ’

139 1162 206 1221 siue
240 1161 273 1220 in
309 1161 560 1221 Lindisfaruensi
595 1160 724 1221 ecclesia
758 1161 939 1221 cathedram
971 1162 1091 1222 habens
1109 1161 1211 1207 ‘lim

139 1259 353 1337 episcopalem,
379 1259 533 1319 ambedo
560 1260 787 1320 monachorum
812 1260 940 1338 collegio
969 1260 1003 1319 in
1031 1260 1092 1337 epi·

138 1363 282 1437 scopatus
295 1359 425 1435 gradum
440 1358 558 1419 adsciti.
604 1360 682 1420 Cum
696 1359 811 1436 quibus
826 1363 859 1419 et
873 1360 1018 1420 Eodhaod
1032 1362 1041 1390 ⁴
1056 1360 1090 1418 in

138 1455 333 1533 prouinciam
355 1457 613 1520 lindisfarorum.
630 1477 725 1534 quam
746 1459 926 1535 nuperrime
945 1478 998 1517 rex
1013 1458 1089 1536 Ecg·

138 1555 199 1615 frid
210 1554 229 1630 ⁵,
253 1559 397 1632 superato
425 1555 459 1614 in
484 1555 567 1615 bello
589 1558 621 1616 et
648 1556 756 1633 fugato
778 1557 940 1630 Uulssrers,
965 1557 1089 1616 obtinu-

138 1657 211 1726 erat,
237 1654 400 1714 ordinatur
424 1655 593 1732 episcopua
646 1655 689 1716 Et
713 1655 798 1715 hunc
822 1656 961 1733 primum
981 1656 1090 1716 eadem

137 1751 297 1830 prouincia
319 1753 480 1830 proprium
504 1753 621 1830 accepit
644 1755 831 1830 praesulem,
859 1754 895 1813 11
918 1754 1086 1829 Ediluini⁸,

137 1851 193 1912 111
208 1851 394 1929 Eadgurum,
412 1852 486 1912 1111
502 1852 727 1930 cyniberctum
737 1853 757 1928 ²,
776 1873 870 1930 quem
885 1853 918 1911 in
933 1853 1089 1930 praesenti

136 1950 237 2012 habet
283 1950 428 2010 Habebat
455 1950 542 2010 enim
567 1959 640 2010 ante
667 1950 892 2011 Eadhaedum⁸
915 1952 1089 2013 antistitem

137 2048 324 2109 sexuulfum
335 2049 354 2124 ',
373 2049 427 2126 qui
441 2049 535 2109 etism
550 2050 737 2109 Merciorum
748 2054 780 2111 ot
791 2050 1089 2111 Mediterraneorum

136 2143 315 2220 Anglorum
332 2143 426 2203 simul
447 2144 609 2221 episcopus
626 2145 707 2219 fuit;
730 2145 814 2205 undo
833 2149 864 2206 st
883 2145 1031 2222 expulsus
1051 2146 1089 2206 de

136 2241 284 2316 Lindissi,
302 2243 336 2302 in
351 2241 476 2302 illarum
490 2242 724 2318 prouinciarum
739 2243 892 2320 regimine
905 2243 1085 2320 permansit.

136 2339 280 2400 Ordinati
294 2343 369 2400 suut
379 2343 484 2401 sutem
494 2341 640 2401 Eadhsed
651 2339 680 2418 ¹⁰,
692 2340 784 2416 Bosa,
799 2346 831 2401 et
842 2343 921 2402 Eata
930 2343 1060 2402 Eboraci
1069 2341 1088 2372 ¹¹

135 2439 175 2498 ab
207 2439 437 2516 archiepiscopo
472 2439 653 2515 Theodoro;
693 2439 749 2518 qui
786 2441 881 2500 etiam
917 2445 987 2518 post
1025 2445 1090 2502 tres

135 2537 340 2597 abscessionis
377 2537 507 2598 Uilfridi
543 2557 651 2614 annos,
689 2540 803 2598 horum
844 2560 975 2599 numero
1009 2541 1088 2601 duos

134 2635 255 2696 addidit
273 2634 429 2695 antistites
440 2633 466 2710 ¹¹,
484 2635 697 2696 Tunberctum
711 2639 730 2670 ¹³
744 2638 783 2697 ad
799 2639 959 2698 ecclesiam
981 2639 1085 2715 Hagn-

134 2734 366 2808 staldensem¹¹,
391 2738 572 2794 remanente
595 2736 672 2796 Eata
692 2736 731 2795 ad
753 2735 1083 2812 Lindisfarneusem¹⁵,

134 2837 165 2894 et
174 2831 344 2893 'l'rumuiui
354 2835 374 2866 ¹⁸
383 2833 421 2894 ad
436 2833 631 2910 prouinciam
646 2835 816 2910 Pictorum,
831 2855 909 2912 quae
923 2838 998 2894 tunc
1012 2838 1088 2895 tem·

133 2931 219 3009 poris
232 2931 409 3008 Anglorum
427 2935 493 2992 erat
512 2931 643 3010 imperio
660 2933 806 2994 subiecta.
851 2934 1054 2994 Eadhoedum
1065 2933 1086 2966 ¹²

133 3031 173 3090 de
190 3029 329 3090 Lindissi
348 3049 517 3106 reuersum,
536 3051 572 3091 eo
594 3032 676 3108 quod
696 3031 846 3092 Aedilred
858 3031 877 3064 ¹⁸
892 3032 1086 3110 prouinciam

133 3124 308 3201 recepisset,
326 3123 487 3204 Hrypensi
499 3123 519 3158 ¹⁰
533 3126 678 3186 ecclesiae
692 3125 850 3203 praefecit

163 3298 268 3348 ¹boesa
279 3299 312 3350 N.
400 3297 530 3349 'eboraci
542 3300 574 3350 B.
650 3301 784 3362 ¹august=
794 3300 828 3350 N.
904 3297 1085 3352 ‘eadhaed

131 3379 140 3406 ⁵
157 3377 246 3440 egfrid
258 3377 292 3427 Ν.
398 3375 408 3404 ⁶
423 3393 470 3428 -ne
482 3377 516 3426 Β8
528 3393 535 3440 ;
552 3378 703 3428 sediluuini
715 3379 744 3428 C.
863 3376 873 3406 '
890 3380 1043 3428 -bsrohtum
1056 3381 1085 3430 C.

130 3456 139 3484 ¹
156 3455 307 3505 oadaedum
319 3455 339 3506 C
351 3471 358 3516 ς
374 3455 526 3506 eadhedum
538 3457 571 3508 N.
637 3457 647 3485 ⁹
663 3457 800 3524 sexultrrm
812 3457 841 3509 G.
921 3457 940 3485 ¹·
964 3459 1029 3508 -hed
1041 3459 1064 3507 N
1078 3476 1084 3520 ;

130 3535 227 3584 -baeth
240 3535 271 3584 B.
354 3532 371 3563 ¹¹
389 3535 497 3584 eburaci
509 3535 538 3585 C.
616 3533 634 3563 ¹¹
651 3537 767 3585 antistes
778 3537 822 3586 N'.
909 3536 928 3566 ¹¹
945 3539 1030 3586 trum·
1042 3538 1065 3587 N
1078 3554 1085 3599 ς

130 3613 287 3662 -berrhtum
299 3612 329 3663 C.
404 3611 421 3640 ¹⁴
438 3617 545 3676 august-
556 3613 589 3663 N.
668 3614 686 3644 ¹⁸
702 3617 860 3665 remanente
874 3652 897 3666 ..
910 3652 917 3666 .
928 3615 1081 3666 lindissem

130 3696 209 3740 added
216 3695 319 3739 ontow
327 3695 421 3752 morfia
429 3691 465 3742 Μ.
537 3689 557 3719 ¹⁸
571 3706 618 3740 ·ne
630 3691 672 3743 B’.
722 3690 741 3721 ¹¹
757 3694 871 3762 ·hpdum
883 3695 917 3744 Ν.
983 3693 1001 3722 ¹⁸
1016 3695 1083 3744 edil·

132 3769 290 3826 Nzaasdtl·
303 3769 333 3820 C.
406 3769 425 3800 ¹⁹
443 3770 568 3833 impr,
586 3772 667 3834 rhyp-
678 3771 710 3822 B.
