2859 4334
357 250 422 316 366
654 250 813 318 Historia
834 250 1006 319 Abtatum

356 424 520 487 biennium
540 424 669 487 idones¹
690 426 879 487 monasticae
899 424 1143 486 conuersationis
1166 423 1302 485 doctrina

356 522 529 599 institutus,
556 544 664 585 rursus
690 525 774 585 beati
800 524 889 586 Petri
916 524 1127 602 apostolorum
1155 523 1301 600 principis

355 642 460 684 amore
474 624 624 699 deuictus,
641 628 794 685 sacramm
815 624 882 685 eiua
899 644 1025 701 corpore
1043 623 1206 683 ciuitatem
1224 640 1302 699 repe·

355 722 428 782 dare
441 722 560 785 statuit.

201 892 228 903 ,Ι
270 833 276 845 ’
398 840 424 896 3.
450 820 514 881 Nec
536 824 607 899 post
628 820 760 899 longum
780 821 967 883 adueniente
989 817 1093 882 naue²
1110 818 1298 893 mercatoria,

221 906 265 997 ¹0,
356 919 507 980 desiderio
521 920 676 983 satisfecit
721 922 769 982 Eo
790 924 895 982 autem
919 924 1060 998 tempore
1081 919 1212 980 miserat
1231 918 1300 995 Ecg

355 1016 503 1079 berchtue
517 1020 756 1081 cantuariorum
776 1040 831 1081 rex
851 1021 891 1081 de
910 1019 1091 1080 Brittannia
1111 1019 1244 1079 electum
1263 1016 1299 1076 ad

355 1115 549 1195 episcopatus
570 1118 705 1179 officium
726 1118 832 1180 uirum
853 1118 982 1180 nomine
1006 1116 1233 1195 Uighardum',
1249 1116 1299 1192 qui

354 1234 373 1275 a
393 1215 543 1277 Romanis
562 1217 645 1278 beati
664 1218 782 1295 papae‘
797 1217 937 1296 Gregorii
958 1216 1119 1293 discipulis
1139 1216 1174 1275 in
1195 1214 1300 1275 (tantia

355 1314 455 1375 fuerat
469 1315 557 1375 omni
570 1316 792 1377 aecclesiastica
805 1315 1004 1376 institutione
1017 1314 1207 1375 sufficienter
1219 1301 1300 1373 eclec-
1409 1383 1410 1388 ἵ

355 1417 429 1489 tus;
460 1414 588 1492 cupiens
614 1434 687 1475 eum
714 1414 776 1476 sibi
804 1416 921 1475 Romae
947 1413 1084 1475 ordinari
1110 1414 1295 1490 episcopum,
1409 1420 1410 1451 ¹

355 1512 502 1588 quatinus
515 1533 588 1573 suae
601 1513 704 1590 gentis
714 1516 747 1573 et
756 1514 881 1591 linguae
890 1513 1009 1573 habens
1018 1511 1202 1585 antistitem,
1214 1516 1299 1571 tanto

354 1610 520 1688 perfectius
543 1631 616 1672 cum
640 1612 788 1673 subiectis
811 1612 872 1673 sibi
894 1611 1018 1690 populis
1040 1611 1090 1671 uel
1115 1610 1223 1671 uerbis
1249 1609 1299 1669 im
1409 1645 1410 1682 ,

354 1708 502 1770 bueretur
528 1710 602 1771 fidei
629 1710 680 1770 uel
707 1710 888 1788 mysteriia3
918 1712 1035 1787 quanto
1058 1710 1134 1769 haee
1162 1730 1227 1769 non
1248 1729 1300 1787 per

353 1806 564 1885 interpretem,
577 1810 631 1870 sed
645 1829 700 1886 per
713 1809 835 1887 cognati
848 1812 881 1869 et
890 1808 1073 1870 contuliulis
1086 1808 1149 1868 uiri
1161 1809 1299 1885 lingulam
1409 1817 1410 1832 ¹

354 1906 449 1966 simul
459 1927 650 1985 manumque
658 1908 836 1984 susciperet
864 1908 926 1983 Qui
934 1907 1079 1968 uidelicet
1090 1906 1299 1985 Uicghardus⁵

354 2004 487 2065 Romam
518 2006 657 2081 ueniens,
687 2025 760 2065 cum
787 2002 791 2085 l
818 2006 939 2066 cunctis
974 2006 1029 2083 qui
1055 2025 1162 2066 secum
1190 2025 1300 2066 uenere
1314 2017 1374 2062 aas

354 2104 526 2181 comitssous,
552 2108 720 2182 antequam
744 2105 876 2182 gradum
896 2104 1097 2182 pontificatus
1120 2106 1297 2183 perciperet.

352 2202 462 2263 morbo
484 2203 649 2281 ingruente
672 2203 839 2264 defunctus
860 2206 916 2265 est
959 2204 1006 2264 At
1022 2224 1096 2265 uero
1116 2224 1197 2282 papa
1216 2224 1299 2281 apos

336 2300 472 2376 'tolicus,
489 2321 530 2361 ne
549 2300 704 2379 legatariis
724 2301 912 2362 obeuntibus
932 2302 1046 2380 legatio
1066 2302 1212 2379 religiosa
1231 2302 1301 2362 fide·

352 2398 432 2459 lium
454 2400 560 2461 fructu
581 2403 778 2477 competente
799 2402 923 2474 careret,
950 2400 1031 2460 inito
1055 2400 1188 2460 consilio
1209 2400 1299 2479 elegit

352 2497 392 2557 de
418 2497 484 2558 suis
512 2517 606 2575 quem
635 2498 831 2559 Brittannias
857 2496 1122 2575 archiepiscopum
1150 2499 1299 2572 mitteret,

353 2595 549 2657 Theodorum
571 2596 718 2658 uidelicet
740 2596 890 2657 saeculari
913 2594 1010 2656 simul
1031 2600 1063 2657 et
1083 2596 1301 2657 aecclesiastica

353 2693 550 2772 philosophia
563 2695 738 2772 praeditum
752 2694 866 2771 uirum,
878 2698 909 2755 et
919 2695 979 2755 hoc
992 2695 1027 2755 in
1040 2699 1173 2773 utraque
1185 2696 1299 2774 lingua

354 2792 452 2853 Greca
465 2793 583 2853 scilicet
597 2796 628 2853 et
642 2794 761 2868 Latina,
778 2793 852 2854 dato
872 2794 902 2854 ei
922 2793 1038 2871 collega
1057 2797 1091 2854 et
1108 2794 1300 2855 consiliatore

352 2890 420 2950 uiro
448 2911 545 2969 aeque
572 2892 788 2952 strenuissimo
822 2912 857 2952 ac
890 2892 1136 2969 prudentissimo
1162 2894 1299 2953 Adriano

351 2988 469 3051 abbate.
514 2990 557 3050 Et
571 2990 644 3066 quia
661 2989 872 3051 uenerabilem
889 2990 1097 3051 Benedictum
1116 2991 1295 3070 sapientem,
1410 3055 1411 3060 ,

179 3092 328 3138 neretum
352 3086 550 3163 industrium,
559 3088 738 3165 religiosum
746 3108 782 3149 ac
790 3087 929 3149 nobilem
938 3088 1043 3149 uimm
1052 3089 1119 3149 fore
1130 3089 1294 3167 conspexit,

177 3151 315 3195 mentun
399 3186 407 3199 .
504 3186 511 3200 .
777 3186 785 3200 .
903 3186 911 3201 .
1201 3189 1208 3202 .
1276 3189 1285 3202 .

177 3211 241 3255 with
258 3210 335 3255 'l'heo-
352 3185 424 3246 huic
445 3186 623 3247 ordinatum
643 3207 716 3247 cum
737 3206 804 3247 sura
824 3188 973 3248 ommbus
993 3190 1224 3250 commendauit
1237 3208 1296 3265 epa·

175 3270 244 3317 dore.

352 3302 490 3360 scopum,
501 3284 699 3363 precepitque
712 3287 756 3360 ut,
768 3285 876 3346 relicta
885 3286 1132 3364 peregrinatione
1142 3307 1234 3365 quam
1241 3305 1295 3364 pm

352 3380 475 3442 Christo
498 3385 681 3460 susceperat,
705 3384 863 3444 commodi
885 3384 1005 3445 altioris
1028 3385 1146 3446 intuitu
1168 3384 1292 3463 panim

351 3498 502 3555 reuersus,
521 3482 678 3541 doctorem
696 3481 726 3541 ei
746 3482 886 3543 ueritatis
898 3502 993 3559 quem
1008 3483 1136 3543 sedula·
1149 3483 1290 3561 quesierat

351 3578 522 3654 adduceret,
549 3580 597 3640 cui
626 3580 678 3641 uel
706 3580 764 3641 illo
789 3582 931 3660 pergenti
954 3582 1006 3643 uel
1028 3582 1147 3644 ibidem
1166 3580 1286 3653 docenti,

382 3742 469 3793 ¹·nao
479 3750 509 3793 Δ.
608 3743 735 3795 'nauem
747 3744 793 3808 11,
883 3747 972 3809 'wig
985 3746 1017 3797 D.
1030 3748 1078 3813 11,
1090 3748 1120 3797 P.
1132 3748 1208 3807 c.1³;
1223 3758 1288 3805 m·

350 3820 491 3880 nvi-s.
568 3822 969 3888 ‘mpapaenonnn
1049 3820 1285 3877 ‘wihardoaast

350 3898 699 3963 H9B3wig·P;wic·l'.
766 3900 876 3956 ⁸·loA.
