2859 4334
129 263 263 329 cmun]
432 256 549 323 Gentio
571 258 777 345 Aaqlorum.
1019 261 1084 324 209

129 431 171 502 et,
188 427 263 505 quid
279 428 354 488 haec
367 432 479 505 essent,
497 430 605 490 solerti
619 432 725 491 animo
745 435 945 506 scrutaretur,
962 432 1084 508 apendt

40 527 111 584 tub·
128 525 293 603 episcopus
311 525 315 606 Ι
334 528 502 589 fenestram
512 530 643 604 oratorii,
655 532 686 589 et
697 530 945 592 sonitummenu
956 530 1080 604 faciens,

129 627 168 685 ut
181 626 305 703 saepius
319 631 528 702 consueuerat,
546 629 628 706 siqui
649 628 725 688 foris
743 631 832 703 esset,
854 629 893 689 ad
913 649 947 688 se
967 629 1083 688 intrure

129 723 293 802 praecepit.
337 725 489 788 Introiuit
511 727 566 787 ille
590 727 738 801 concitus,
760 728 811 787 cui
830 727 911 786 dixit
931 727 1082 787 antistes:

133 823 243 884 ‘Uade
257 823 318 884 cito
331 824 371 884 ad
385 824 555 900 ecclesiam,
573 826 675 886 ethos
689 825 757 886 VII
770 826 882 886 fratres
901 825 962 885 huc
975 827 1084 886 uenire

129 921 246 996 facit03
266 925 302 981 tu
317 943 441 1000 quoque
455 924 550 984 simul
568 924 696 985 adestn’
738 924 799 999 Qui
817 944 890 984 cum
910 925 1080 998 uenissent,

130 1022 235 1097 primo
256 1021 420 1081 admonuit
443 1042 504 1096 eos,
524 1027 560 1082 ut
583 1023 733 1083 uirtutem
751 1023 928 1083 dilectionis
947 1026 979 1082 et
1000 1023 1085 1100 pacis

130 1119 170 1179 ad
192 1119 330 1180 inuicem
354 1123 385 1180 et
409 1121 448 1181 ad
473 1141 583 1181 omnes
603 1121 711 1182 fideles
733 1125 918 1197 seruarent;
939 1122 1084 1182 instituta

131 1238 259 1294 quoque
282 1218 465 1295 disciplinae
493 1219 652 1296 regularis,
678 1241 756 1297 quae
780 1221 831 1280 uel
853 1221 893 1281 ab
915 1221 984 1298 ipso
1008 1220 1086 1281 didi·

130 1317 256 1392 ciasent,
273 1319 305 1376 et
319 1317 354 1377 in
368 1318 434 1394 ipso
447 1316 454 1348 ¹
472 1319 632 1395 uidissent,
650 1320 702 1379 uel
722 1320 756 1378 in
769 1323 894 1396 patrum
905 1320 1086 1397 praeceden-

130 1415 214 1475 tium
235 1416 327 1476 factis
347 1417 415 1476 siue
435 1416 527 1477 dictis
544 1417 748 1492 inuenissent,
765 1417 920 1479 indefessa
933 1417 1085 1478 instantia

129 1519 345 1592 sequerentur.
390 1515 511 1576 Deinde
534 1516 696 1577 subiunxit
720 1517 804 1576 diem
825 1517 875 1576 sui
895 1517 999 1576 obitus
1018 1515 1082 1576 iem

131 1615 276 1691 proxime
309 1615 437 1675 instare.
498 1615 656 1692 ‘Namque
690 1617 824 1692 hospes,'
858 1615 971 1692 inquit,
1013 1615 1083 1676 ‘ille

127 1713 287 1788 amabilis,
313 1713 367 1790 qui
389 1714 500 1775 fratres
524 1718 647 1775 nostros
670 1715 799 1775 uisitare
821 1714 948 1788 solebat,
972 1714 1085 1774 adme

130 1831 260 1889 quoque
281 1811 374 1872 hodie
396 1813 511 1889 uenire,
534 1833 647 1890 meque
669 1815 708 1874 de
730 1814 851 1873 saeculo
875 1833 1003 1873 euocare
1023 1813 1087 1890 dig·

129 1914 228 1971 natus
257 1913 312 1971 est.
370 1911 502 1988 Propter
529 1913 611 1989 quod
639 1914 833 1973 reuertentes
860 1912 898 1971 ad
927 1910 1086 1971 ecclesiam

130 2009 228 2070 dicite
244 2009 399 2084 frutribus,
417 2014 453 2070 ut
472 2013 505 2070 et
525 2031 631 2071 meum
650 2012 770 2072 exitum
789 2011 926 2072 Domino
944 2010 1088 2086 precibus

128 2108 367 2182 commendent,
396 2111 428 2168 et
456 2129 549 2170 suum
578 2130 701 2187 quoque
730 2110 858 2185 exitum,
893 2110 983 2170 cuius
1009 2109 1088 2169 hora

129 2207 255 2268 incerta
274 2209 330 2281 est,
355 2207 480 2284 uigiliis,
504 2209 704 2284 orationibus,
728 2209 821 2269 bonis
840 2208 985 2286 operibus
1004 2228 1089 2285 prae·

128 2305 245 2366 uenire
279 2305 503 2366 meminerint'
555 2307 696 2384 Cumque
731 2308 807 2368 haec
840 2311 873 2368 et
907 2306 1087 2368 huiusmodi

128 2405 227 2483 plura
241 2403 428 2480 loqueretur,
445 2407 539 2482 atque
557 2405 604 2464 illi
625 2410 769 2484 percepta
786 2407 855 2466 eius
871 2407 1088 2467 benedictione

128 2505 200 2564 iam
225 2503 364 2562 multum
392 2502 497 2563 tristes
520 2505 664 2580 exissent,
695 2506 789 2566 rediit
817 2505 884 2582 ipse
908 2506 1001 2580 solus,
1033 2505 1088 2582 qui

127 2621 264 2664 carmen
279 2601 410 2661 caeleste
424 2602 569 2677 audierat,
586 2606 617 2662 et
631 2607 831 2680 prosternens
847 2624 880 2664 se
901 2605 936 2664 in
950 2607 1087 2663 terrem:

130 2702 314 2776 ‘Obsecro’
332 2700 444 2778 inquit,
467 2701 593 2778 ‘pater3
621 2701 693 2762 licet
715 2702 833 2779 aliquid
854 2701 1091 2780 interrogare?'

126 2801 341 2878 ‘Interroga’
362 2799 473 2877 inquit,
505 2801 604 2877 ‘quod
629 2801 699 2861 uis!
741 2803 787 2861 At
808 2802 884 2862 iile:
916 2801 1090 2875 ‘Obsecro’

124 2901 251 2980 inquit,
272 2899 444 2973 ‘ut'dicaq
459 2899 540 2976 quod
555 2902 620 2959 erat
634 2899 791 2959 canticum
805 2900 883 2959 iilud
892 2900 1086 2974 laetantium,

125 3001 221 3082 quod
248 2997 363 3071 audiui,
391 2997 588 3058 uenientium
612 2998 650 3058 de
679 2998 772 3058 caelis
799 3017 894 3075 super
921 2998 1091 3058 oratorium

124 3105 205 3176 hoc,
218 3101 252 3158 et
261 3100 332 3175 poet
341 3101 465 3174 tempus
474 3097 671 3156 redeuntium
680 3097 719 3156 ad
729 3097 871 3157 coelosi'
913 3097 1093 3173 Respondet

124 3202 215 3263 ille:
245 3197 294 3257 ‘Si
318 3217 428 3257 uocem
450 3195 599 3256 carminis
621 3195 743 3269 audisti,
768 3199 800 3256 et
821 3195 969 3256 caelestes
988 3215 1090 3272 super·

124 3297 248 3362 uenire
277 3299 382 3355 coetus
409 3294 591 3370 cognouisti,
622 3294 777 3371 praecipio
811 3294 870 3354 tibi
899 3294 935 3353 in
962 3293 1091 3353 nomine

125 3393 280 3466 Domini,
307 3413 346 3453 ne
370 3393 428 3452 hoc
451 3393 596 3468 cuiquam
621 3395 694 3453 ante
721 3413 828 3452 meum
853 3393 974 3452 obitum
996 3392 1089 3454 dicas.

124 3499 185 3560 Re
208 3511 284 3553 uera
305 3493 409 3552 autem
434 3491 617 3568 angelorum
639 3491 727 3551 fuere
747 3491 885 3568 spiritus,
907 3490 961 3567 qui
980 3510 1032 3550 me
1053 3491 1092 3550 ad

124 3591 294 3666 caelestia,
312 3611 390 3668 quae
406 3609 530 3666 semper
548 3589 699 3664 amabam,
716 3609 751 3648 ac
770 3588 991 3663 desiderabam,
1009 3609 1093 3666 prue-

121 3693 205 3758 mia
228 3709 337 3750 nocere
358 3692 522 3764 uenerunt,
545 3691 576 3748 et
598 3691 669 3766 post
693 3688 761 3748 dies
782 3687 849 3747 VII
872 3707 907 3747 ae
929 3687 1090 3761 redituros,

121 3814 170 3859 ac
199 3809 254 3850 me
282 3807 388 3848 secum
412 3787 600 3848 adducturos
625 3807 692 3847 esse
719 3786 952 3866 promiserunt’
1003 3785 1092 3862 Quod

275 3917 646 3982 ¹didiciasent...ipsoom.
658 3915 700 3970 13¹.
792 3915 966 3972 'uternis-

615 4017 636 4060 r
