2859 4334
380 231 424 296 84
652 227 811 295 Historia
833 226 1063 295 Ecclesiastico
1216 237 1294 303 [iau.

379 425 451 465 rum
471 403 661 465 fortissimus
674 403 848 465 Aedilfrid¹
863 404 991 465 collecto
1009 403 1118 481 grandi
1136 404 1258 464 exercitu
1270 398 1296 460 ad

380 503 539 565 ciuitatem
561 504 743 582 Legionum,
768 524 847 581 quae
870 523 889 563 a
912 507 1006 580 geute
1033 503 1212 580 Anglorum
1234 501 1298 578 aega

379 602 492 662 caestir
500 600 518 678 ²,
536 602 771 662 aBrettouibus
789 605 894 661 autem
915 602 1029 662 rectius
1048 600 1212 678 carlegion
1229 595 1299 675 appel·

379 699 469 776 latur,
482 701 652 760 maximam
661 700 765 778 gentis
774 699 909 777 perfidae
918 703 1053 777 stragem
1067 699 1163 759 dedit.
1190 699 1300 773 Cumque

379 799 499 862 bellum
519 803 643 860 acturus
664 799 785 859 uideret
807 799 978 859 sacerdotes
998 817 1114 874 eorum,
1132 798 1189 876 qui
1207 798 1241 857 ad
1254 813 1300 854 exo

379 897 514 956 randum
542 896 663 957 Deum³
686 917 744 974 pro
771 897 873 957 milite
900 896 1020 957 bellum
1047 897 1159 973 agente
1180 909 1300 955 conuene

378 997 458 1070 rant,
477 1015 618 1056 seorsum
639 995 673 1056 in
691 998 806 1056 tutiore
823 996 892 1055 loco
911 995 1088 1070 consistere,
1105 993 1298 1054 sciscitabatu.

378 1095 433 1171 qui
452 1097 555 1154 essent
574 1094 615 1168 hi,
634 1094 750 1171 quidue
768 1093 868 1154 acturi
886 1094 942 1154 illo
956 1094 1186 1154 conuenissent
1230 1090 1301 1154 aaut

380 1195 485 1252 autem
507 1192 635 1269 plurimi
655 1213 764 1252 eorum
782 1193 821 1252 de
842 1192 1030 1253 monestede
1045 1192 1168 1252 Bancor
1176 1193 1196 1267 ⁴,
1212 1192 1245 1251 in
1260 1205 1301 1266 quo

378 1293 486 1351 tantus
500 1291 601 1351 fertur
617 1291 713 1351 fuisse
730 1311 881 1352 numerus
895 1291 1129 1364 monachorum,
1147 1293 1191 1361 ut,
1209 1286 1301 1350 cumin

379 1389 445 1450 v11
469 1391 628 1467 portiones
654 1393 736 1450 esset
762 1410 835 1450 cum
862 1389 1047 1466 praepositis
1073 1390 1135 1449 sibi
1158 1387 1303 1449 rectoribus

379 1489 607 1549 monasterium
618 1489 765 1564 diuisum,
777 1488 865 1548 nulla
878 1487 991 1548 harum
1005 1489 1106 1565 portio
1115 1488 1222 1548 minus
1232 1501 1302 1564 quam

378 1587 491 1649 coctos
504 1587 648 1648 homines
662 1587 799 1662 haberet,
816 1587 870 1663 qui
882 1606 991 1647 omnes
1005 1588 1044 1647 de
1057 1587 1163 1647 labore
1177 1601 1303 1647 manuum

378 1705 508 1746 suarum
536 1686 643 1746 uiuere
673 1685 823 1746 solebant.
876 1685 1002 1746 Horum
1030 1705 1104 1763 ergo
1134 1678 1303 1763 plurimiad

377 1787 583 1846 memoratam
597 1784 703 1859 aciem,
722 1788 845 1861 peracto
859 1783 976 1844 ieiunio
994 1784 1149 1858 triduano,
1168 1804 1237 1844 cum
1254 1780 1305 1842 dlis

377 1884 486 1944 orandi
497 1903 586 1943 causa
597 1887 816 1957 conuenerant,
831 1883 980 1943 habentes
992 1883 1188 1944 defensorem
1201 1882 1306 1942 nomine

378 1983 598 2057 Brocmailum‚
616 1982 672 2057 qui
692 2003 745 2042 eos
766 1982 905 2042 intentos
925 1981 1069 2058 precibus
1089 2001 1108 2041 a
1129 1982 1306 2042 barbaronm

378 2081 489 2160 gladiis
513 2083 687 2158 protegeret
696 2081 714 2141 ⁶.
761 2081 901 2155 Quorum
926 2099 1050 2139 causam
1077 2081 1229 2140 aduentus
1249 2095 1307 2137 cun
1370 2114 1371 2139 a

377 2180 583 2239 intellexisset
595 2199 649 2239 rex
659 2179 805 2239 AEdilfrid
815 2180 834 2254 ⁶,
846 2179 890 2238 ait
902 2201 910 2240 z
934 2179 1034 2256 ‘Ergo
1047 2178 1076 2239 si
1089 2179 1250 2240 aduersum
1262 2192 1307 2236 nos

376 2278 414 2341 ad
441 2279 544 2340 Deum
568 2297 662 2338 suum
690 2277 837 2352 clamant,
862 2277 1000 2354 profecto
1028 2281 1060 2338 et
1089 2277 1159 2354 ipsi,
1183 2272 1307 2354 quamuis

376 2395 463 2438 arma
477 2396 542 2436 non
556 2376 666 2451 ferant,
685 2378 793 2435 contra
806 2395 865 2434 nos
878 2378 1029 2452 pugnant,
1047 2376 1104 2452 qui
1117 2373 1250 2436 aduersis
1262 2389 1308 2431 noa

376 2473 639 2550 inprecationibus
652 2473 906 2550 persequuntur!
943 2472 1056 2549 Itaque
1069 2473 1103 2533 in
1118 2473 1176 2533 hos
1189 2472 1308 2551 primum

376 2590 463 2631 arma
476 2572 557 2631 uerti
572 2571 667 2646 iubet,
678 2574 710 2631 et
725 2572 769 2631 sic
783 2574 899 2631 ceteras
913 2571 1065 2631 nefandae
1078 2572 1209 2632 militiae
1221 2566 1308 2646 copias

377 2690 442 2729 non
466 2671 537 2732 sine
564 2690 678 2747 magno
703 2671 857 2730 exercitus
884 2671 934 2730 sui
959 2671 1075 2731 damno
1099 2671 1224 2731 deleuit.
1260 2666 1309 2725 Er·

376 2770 508 2830 stinctos
528 2769 562 2830 in
583 2791 619 2830 ea
639 2791 745 2848 pugna
764 2770 872 2830 ferunt
892 2770 931 2830 de
957 2770 1013 2844 his,
1038 2769 1093 2846 qui
1113 2771 1154 2830 ad
1174 2767 1308 2829 orandum

376 2870 536 2943 uenerant,
559 2868 643 2928 uiros
664 2869 786 2928 circiter
806 2869 896 2928 mille
917 2869 1012 2943 00²⁰&
1036 2873 1067 2927 ct
1086 2870 1191 2930 solum
1209 2867 1233 2926 L
1249 2867 1309 2938 iuga
1368 2936 1369 2945 ἶ

377 2986 443 3026 esse
455 2966 566 3043 lapsos.
610 2967 767 3027 Brocmail
780 2966 819 3026 ad
838 2966 978 3044 primum
997 2966 1138 3028 hostium
1156 2967 1308 3028 aduentum
1368 2960 1369 3055 l

376 3086 448 3126 cum
469 3065 534 3126 suis
553 3068 640 3144 terga
658 3068 792 3140 uertens,
810 3085 871 3140 eos,
888 3085 967 3143 quos
985 3066 1152 3126 defendere
1168 3065 1306 3126 debuerat

375 3165 510 3225 inermes
525 3185 559 3225 ac
575 3165 676 3225 nudos
690 3165 876 3225 ferientibus
890 3166 1002 3242 gladiis
1014 3165 1153 3243 reliquit.
1197 3159 1309 3239 Sisque*

376 3265 556 3340 conpletum
574 3267 622 3323 est
639 3265 833 3342 praesagium
855 3264 954 3324 sancti
973 3264 1132 3342 pontificis
1144 3259 1307 3341 Augustini

376 3363 520 3438 quamuis
548 3363 614 3439 ipso
639 3364 702 3423 iam
731 3365 833 3423 multo
859 3367 933 3423 ante
957 3366 1097 3440 tempore
1122 3365 1161 3424 ad
1186 3358 1307 3424 caelestia
1367 3364 1368 3397 l

377 3481 472 3537 regna
495 3461 626 3536 sublato,
651 3465 687 3522 ut
713 3463 807 3522 etiam
830 3462 1012 3540 temporalis
1035 3463 1185 3523 interitus
1207 3459 1308 3520 ultione

408 3653 416 3683 ¹
435 3656 472 3704 sic
489 3655 538 3715 B¹;
555 3656 687 3705 aedelfred
705 3655 756 3716 B²;
773 3655 895 3706 aetilfrit
913 3658 940 3706 C.
1069 3657 1133 3706 ¹sic
1151 3657 1182 3707 Βι
1194 3674 1200 3714 ;
1214 3659 1264 3703 ter
1276 3651 1306 3700 C:

375 3733 552 3796 Iaegoecaester
564 3733 604 3784 B'.
742 3733 753 3762 ⁸
769 3736 909 3784 domiuum
921 3735 957 3784 M.
970 3736 1015 3796 111.
1161 3735 1170 3764 ⁸
1186 3737 1272 3784 bancor
1280 3729 1303 3776 C·

374 3811 472 3860 ¹·rent
484 3813 519 3860 M.
725 3811 871 3863 'aedilfrid
885 3815 905 3864 O
915 3831 922 3875 ;
939 3815 1067 3864 aedilfrid
1077 3813 1129 3876 13¹3
1146 3807 1300 3864 aedilfrrdss·

374 3888 384 3918 l
401 3905 452 3953 que
463 3907 507 3940 om.
520 3891 556 3941 M.
