2859 4334
344 275 410 339 418
548 263 554 274 ’
656 278 813 366 specu
836 282 923 349 aaa
944 282 991 349 aa

342 453 447 531 aliqua
473 476 545 534 pars
568 457 676 518 ouium
702 458 785 519 inter
807 458 905 519 hedos
931 460 970 520 ad
992 458 1151 521 sinistram
1174 458 1292 520 Iudicis
1306 471 1413 517 acuatu

343 557 469 633 secerni,
486 560 580 634 atque
593 556 626 617 in
640 561 803 618 aeternum
818 577 890 618 cum
903 558 1121 619 maledictione
1134 561 1291 619 mereatur
1304 542 1357 645 {ff
1366 546 1395 587 ³³¹

341 653 387 715 irc
401 656 606 734 supplicium
628 658 705 734 quin
725 658 831 733 potius
851 658 918 735 ipse
931 660 1007 719 tunc
1028 677 1137 719 eorum
1157 678 1288 719 numero

341 756 485 816 merearis
501 756 621 832 ascribi,
639 756 808 833 dequibus
826 757 871 816 ait
884 756 1013 817 Ysaias:
1037 756 1210 818 ‘Minimus
1230 758 1288 818 erit
1302 766 1406 814 larsa

339 854 439 915 intcr¹
456 856 553 932 mille,
578 860 610 917 et
630 854 780 933 paruulus
800 853 901 916 inter¹
916 858 1044 932 gentem
1064 856 1288 917 fortissimam’

338 954 398 1015 rui
418 975 553 1033 namque
573 958 621 1017 est
641 954 734 1016 officii
755 954 995 1031 diligentissime
1015 955 1195 1033 perspicere,
1213 956 1286 1032 quid

337 1052 371 1113 in
399 1054 532 1133 singulis
558 1052 757 1115 monasteriis
784 1056 855 1114 tuae
882 1053 1060 1131 parrochiae
1092 1055 1176 1129 recti,
1211 1055 1285 1132 quid

335 1154 475 1231 peruersi
489 1158 634 1231 gerstun
657 1174 697 1214 ne
715 1152 768 1213 uel
786 1152 882 1213 abbas
900 1152 1078 1229 regularum
1095 1152 1215 1214 inscius
1232 1156 1286 1215 aut

337 1256 541 1330 contemptor,
571 1250 624 1313 uel
651 1250 806 1313 abbatissa
833 1251 941 1311 minus
970 1250 1067 1327 (ligna
1094 1250 1285 1313 famulorum

335 1352 564 1412 famularumue
578 1351 694 1413 Christi
707 1352 916 1428 praeponatur
927 1349 1072 1424 examini,
1089 1370 1147 1410 nec
1158 1370 1284 1412 rursum

334 1448 527 1527 prouisioni²
548 1448 760 1529 spiritualium
778 1448 1000 1526 magistrorum
1022 1449 1232 1525 contemptrix
1251 1454 1284 1511 et

334 1548 565 1628 indisciplinata
579 1548 812 1609 contumacium
829 1546 1007 1607 auditorum
1020 1546 1114 1643 parba
1131 1548 1282 1620 resultet3

333 1648 470 1709 maxime
484 1649 586 1726 quia³,
604 1646 684 1708 sicut
705 1645 802 1725 uulgo
822 1646 930 1723 fertur,
947 1645 1048 1707 dicere
1069 1646 1146 1706 estis
1165 1647 1251 1708 soliti
1260 1652 1278 1723 ⁴,

332 1748 486 1826 quianon
503 1749 541 1809 ad
561 1768 671 1826 regum
692 1766 808 1821 curam,
825 1765 890 1807 non
910 1744 972 1805 ad‘
990 1742 1168 1822 aliquorum
1187 1748 1282 1809 seculi

237 1914 239 1919 ,
330 1847 509 1926 principum
523 1867 655 1922 causam,
673 1846 728 1907 sed
743 1842 781 1905 ad
796 1846 934 1905 uestram
948 1844 1169 1906 tantummodo
1185 1846 1281 1907 antis

330 1945 427 2006 titum
448 1944 683 2024 inquisitionem
705 1946 800 2020 atque
823 1962 963 2017 examen,
991 1939 1065 2019 quid
1088 1942 1123 2002 in
1148 1943 1280 2021 singolis

330 2044 528 2105 monasteriis
538 2046 655 2122 agatur,
668 2042 830 2122 pertineat,
847 2041 909 2101 nisi
922 2042 1003 2102 forte
1015 2040 1050 2101 in
1064 2043 1280 2103 monasteriis‘

330 2142 461 2219 quilibet
478 2144 512 2203 in
526 2143 611 2221 ipsos
625 2140 781 2220 principes
794 2159 934 2218 peccasse
948 2139 1175 2216 comprobetur.
1208 2142 1276 2218 lui,

328 2241 465 2319 inquam,
478 2245 525 2302 est
539 2240 629 2302 officii
641 2258 812 2319 procurare,
824 2260 865 2300 ne
876 2238 910 2299 in
924 2239 1001 2299 locis
1012 2239 1079 2299 Deo
1093 2240 1279 2302 consecratis
1401 2320 1406 2331 Ι

328 2340 469 2401 diabolus
490 2339 549 2400 sibi
568 2360 700 2417 regnum
721 2341 859 2415 usurpet,
877 2338 939 2397 ne⁷
952 2356 1009 2415 pro
1027 2356 1101 2413 pace
1115 2338 1274 2413 discordia,

328 2438 512 2516 propietate
526 2436 635 2516 iurgia,
652 2457 708 2515 pro
730 2436 896 2497 sobrietate
917 2434 1058 2506 ebrietas,
1072 2456 1129 2513 pro
1149 2438 1277 2499 caritate

326 2539 358 2596 et
371 2538 511 2597 castitate
525 2536 746 2597 fornicationes
759 2535 819 2595 sibi
834 2538 866 2595 et
875 2534 1043 2596 homicidia
1055 2537 1163 2597 sedem
1176 2537 1277 2599 uindi-

325 2639 413 2710 cent;
433 2635 489 2695 ne⁸
503 2633 585 2713 apud
599 2638 631 2696 te
645 2634 850 2695 inueniantur
863 2632 969 2711 aliqui,
982 2634 1020 2694 de
1035 2634 1149 2711 quibus
1162 2638 1274 2697 merito

324 2736 489 2810 quaeratur
501 2753 536 2793 ac
550 2732 690 2795 dicatur:
716 2730 809 2794 ‘Uidi
823 2730 936 2809 impios
949 2732 1095 2809 sepultos,
1113 2734 1176 2810 qui,
1199 2755 1272 2796 cum
1287 2743 1350 2789 Εωι

204 2846 207 2851 ’
323 2832 513 2907 aduiuerent,
540 2832 576 2893 in
603 2832 671 2892 loco
698 2833 806 2891 sancto
830 2834 927 2906 erant,
953 2834 985 2891 et
1008 2830 1216 2893 laudabantur
1237 2834 1271 2893 in
1288 2817 1319 2850 ἀ

323 2930 455 3004 ciuitate,
480 2928 569 3009 quasi
586 2927 591 2999 1
610 2928 785 2991 iustorum⁹
803 2930 955 3006 operum!
1284 2932 1364 2994 ἰν

148 3036 305 3084 Imuunuon
367 3044 413 3103 15.
435 3030 553 3091 Eorum
563 3050 694 3108 quoque,
709 3029 764 3106 qui
779 3027 813 3088 iu
825 3028 966 3106 populari
980 3028 1082 3089 adbuc
1095 3028 1163 3091 uita
1175 3032 1272 3091 conti·

148 3095 174 3138 oi
184 3095 228 3142 ahc

147 3154 227 3210 Iaity.

322 3131 447 3203 nentur,
462 3126 625 3188 sollicitam
640 3130 673 3188 te
691 3146 815 3188 necesse
830 3130 878 3188 est
891 3146 999 3187 curam
1013 3132 1180 3205 gererent,
1192 3131 1273 3192 sicut

321 3225 354 3287 in
365 3224 536 3304 primordio
546 3225 642 3286 huius
652 3225 801 3303 epistolas
810 3226 1072 3302 praemonuimus,
1084 3226 1273 3291 sufficientes

320 3322 365 3383 eis
379 3323 521 3385 doctores
535 3324 618 3385 uitae
633 3324 778 3384 salutaris
791 3324 938 3385 adhibere
953 3324 1143 3402 memineris,
1159 3330 1193 3386 ct
1211 3327 1270 3388 hoc

319 3442 370 3483 eos
390 3422 475 3483 inter
495 3422 555 3483 alia
576 3422 692 3483 discere
713 3422 815 3498 iacias,
838 3422 952 3499 quibus
971 3423 1117 3501 operibus
1132 3426 1269 3487 maxime

316 3521 383 3582 Deo
406 3521 534 3599 placere,
559 3541 578 3582 a
605 3521 720 3599 quibus
741 3542 776 3583 se
799 3520 942 3596 debeant,
974 3523 1028 3600 qui
1053 3522 1121 3583 Deo
1148 3522 1269 3602 plaeere

318 3619 502 3697 desiderant,
519 3618 674 3681 abstinere
692 3620 833 3698 peccatis,
851 3640 913 3699 qua
926 3621 1028 3682 cordis
1041 3621 1220 3683 nuceritate
1232 3624 1268 3685 in

350 3794 359 3823 ¹
376 3798 406 3847 in
418 3798 454 3849 Η.
554 3797 565 3827 ¹
580 3812 655 3862 prae·
667 3798 704 3849 ll.
812 3798 822 3826 ³
838 3800 902 3860 quia
913 3814 958 3848 osa
973 3800 1008 3848 lt.
1091 3798 1101 3827 ⁴
1118 3801 1217 3850 soliciti
1230 3802 1267 3851 ll.

316 3874 326 3904 ³
342 3874 377 3924 ad
387 3891 432 3926 om,
446 3877 483 3925 Η.
573 3875 583 3905 ⁸
599 3878 752 3939 agatur...
766 3913 773 3926 .
788 3878 958 3927 monasteriis
967 3894 1014 3928 om.
1025 3877 1061 3928 Η.
1153 3876 1164 3905 ¹
1179 3894 1269 3943 neque

316 3951 353 4003 ll.
437 3950 446 3980 ⁸
462 3968 512 4003 ncc
523 3952 560 4004 ll.
642 3954 653 3984 '
670 3955 800 4004 bonorum
812 3954 848 4006 ll.
