2859 4334
425 190 627 278 aequoreum
648 190 867 277 Episcopum.
1056 186 1122 251 413

170 386 289 445 scopos,
306 369 472 445 postquam
491 366 530 427 ad
546 365 642 426 fidem
662 363 808 426 uenirent
815 361 834 440 ¹,
851 360 1041 424 ordinandos
1056 380 1123 421 esee

171 465 331 541 decreuit3
361 466 397 526 in
424 465 538 543 quibus
560 464 765 525 Eboraccnsis
791 462 931 537 antistes,
958 463 1081 539 accepto
1105 479 1124 519 a

170 566 244 626 sede
271 563 439 643 apostolica
465 564 569 641 pallio,
600 562 861 640 metropolitanus
892 580 959 621 esse
986 560 1119 620 deberet.

171 662 273 739 Quem
300 663 438 742 prolecto
465 681 634 723 numerum
662 660 878 739 cpiscoporum
903 658 1000 720 uelim
1028 658 1123 719 modo

169 764 225 822 tua
238 764 344 823 sancta
357 761 534 839 paternitas,
548 760 762 839 patrocinante
775 759 926 837 praesidio
939 758 1075 837 piissimi
1088 776 1124 817 ac

170 860 239 921 Deo
260 860 366 921 dilecti
386 860 468 938 regie
488 859 625 938 praefati,
643 859 785 920 sollerter
797 858 929 936 implere
943 857 1119 931 contendat,

171 960 326 1038 quatinus,
348 957 528 1020 abundante
548 977 680 1018 numero
702 957 932 1035 magistrorum,
956 955 1123 1034 perfectius

100 1102 107 1115 .
169 1057 298 1118 ecclesia
311 1057 475 1119 christiin
490 1056 548 1131 hia
563 1074 641 1134 quac
651 1056 690 1118 ad
701 1056 824 1117 cultum
838 1074 941 1116 sacrae
954 1050 1123 1137 religilonis

169 1156 337 1233 pertinent,
360 1156 552 1216 instituatur.
597 1155 640 1215 Et
660 1154 789 1233 quidem
810 1154 958 1216 nouimus
976 1154 1049 1232 quia
1066 1173 1123 1231 per

169 1253 323 1315 incuriam
345 1272 454 1331 regum
470 1253 732 1331 praecedentium,
748 1253 993 1332 donationesque
1006 1253 1122 1313 stultis

167 1352 266 1414 simas
292 1352 411 1413 factum
439 1355 495 1429 est,
526 1355 563 1413 ut
590 1371 656 1413 non
683 1353 775 1414 facile
801 1352 888 1413 locus
914 1372 1036 1428 uacans,
1066 1352 1122 1412 ubi

167 1452 258 1513 sedeo
278 1451 460 1529 episcopalis
480 1470 562 1511 noua
582 1450 652 1511 fieri
672 1452 790 1527 debeat,
814 1451 951 1512 inueniri
971 1452 1083 1513 ualeat

213 1568 259 1611 10.
285 1550 478 1627 Quapropter
492 1550 695 1610 commodum
709 1549 860 1625 duxerim,
873 1548 1000 1611 habito¹
1010 1549 1121 1610 maiori
1137 1557 1190 1629 me
1199 1571 1254 1630 ¹¹⁰⁸?

170 1648 346 1709 concilicet
361 1667 522 1723 consensu,
540 1647 712 1725 pontificali
726 1648 822 1708 simul
835 1650 868 1708 et
887 1648 1005 1725 regali⁸
1019 1648 1120 1709 edicto
1136 1616 1275 1732 mnae

167 1747 373 1826 prospiciatur
394 1746 481 1807 locus
502 1746 616 1825 aliquis
639 1747 911 1822 monasteriorum,
934 1746 990 1807 ubi
1013 1747 1120 1808 sedeo⁴
1136 1737 1272 1851 mgb

169 1846 226 1907 fiat
253 1844 465 1924 episcopalisl.
521 1846 563 1905 Et
591 1847 655 1906 nei
677 1847 758 1907 forte
782 1845 878 1907 abbas
898 1845 951 1906 uel
973 1846 1120 1907 monachi
1136 1868 1235 1927 monae

169 1945 378 2007 huicdecreto
395 1944 547 2005 contraire
564 1964 599 2006 ac
620 1945 763 2006 resistere
778 1945 1011 2023 temptauerint,
1029 1946 1121 2007 detur
1136 1918 1218 1960 Μ

169 2044 235 2105 illis
248 2044 382 2120 licentia,
400 2048 436 2105 ut
449 2044 489 2105 de
502 2044 568 2105 suis
584 2044 645 2122 ipsi
659 2043 778 2122 eligant
791 2064 874 2119 eum,
890 2043 946 2121 qui
958 2043 1120 2122 episcopus

168 2144 338 2215 ordinetur,
352 2148 384 2204 et
394 2144 602 2206 adiacentium
612 2143 760 2219 locorum,
774 2146 930 2221 quotquot
938 2143 978 2205 ad
988 2144 1120 2205 eandem

168 2242 316 2303 diocesim
328 2244 339 2275 ⁷
352 2242 537 2320 pertineant,
555 2262 618 2303 una
632 2261 704 2302 cum
719 2242 787 2320 ipso
805 2242 993 2304 monasterio
1012 2262 1120 2303 curam

168 2344 255 2420 gerat
277 2340 504 2420 episcopalem
524 2343 588 2416 aut,
608 2340 635 2401 si
655 2341 736 2402 forte
756 2342 792 2401 in
812 2341 880 2419 ipso
901 2342 1118 2417 monasterio⁸,

168 2440 224 2517 qui
251 2441 414 2519 episcopus
442 2439 579 2501 ordinari
605 2440 723 2515 debeat,
746 2440 885 2501 inueniri
912 2444 1055 2520 nequeat,
1085 2442 1120 2502 in

166 2538 307 2615 ipsorum
318 2542 425 2601 tamen
434 2539 520 2599 iuxta
529 2542 646 2600 statuta
656 2558 812 2601 canonum
820 2540 954 2617 pendeat
965 2541 1117 2616 examine,

167 2639 222 2716 qui
237 2638 275 2699 de
289 2658 346 2699 sua
359 2638 472 2699 diocesi
486 2637 649 2699 ordinetur
661 2638 801 2699 antistes
846 2639 935 2714 Quod
949 2640 976 2700 ei
990 2641 1049 2701 hoc
1063 2643 1116 2716 ita

166 2741 203 2798 ut
217 2738 423 2817 suggerimus,
440 2736 579 2799 Domino
593 2737 771 2813 adiuuante,
786 2738 958 2815 perfeceris
971 2739 1120 2800 facillime

166 2836 261 2898 etiam
271 2838 289 2912 ⁹,
306 2840 343 2897 ut
361 2837 557 2912 arbitramur,
578 2836 637 2898 hoc
655 2835 819 2911 obtinebis,
837 2840 874 2897 ut
892 2838 980 2899 iuxta
998 2839 1119 2899 decreta

166 2935 460 3014 sedisapostolicae,
474 2935 678 2996 Eboraccnsis
695 2934 823 2996 ecclesia
840 2936 1118 3014 metropolitanum

166 3036 263 3113 possit
293 3035 408 3097 habere
438 3034 628 3113 pontificem.
676 3036 725 3095 Ac
752 3033 781 3095 ei
812 3054 891 3113 opus
918 3054 985 3095 esse
1012 3035 1118 3095 uisum

165 3133 269 3208 merit,
284 3136 320 3194 ut
330 3132 387 3194 tali
398 3133 596 3209 monasterio,
610 3152 701 3195 causa
714 3132 1115 3212 episcopatussuecipiendi,

89 3262 97 3277 ·
164 3232 303 3309 amplius
316 3231 434 3311 aliquid
443 3231 583 3294 locorum
594 3252 629 3293 ac
637 3232 868 3309 possessionum
879 3232 986 3311 augeri
996 3233 1114 3309 debeat,

164 3334 241 3392 eunt
261 3331 329 3392 loca
336 3328 358 3364 ¹⁰
379 3331 552 3407 innumera,
577 3334 614 3393 ut
632 3331 782 3391 nouimus
802 3350 920 3406 omnes,
943 3332 1018 3393 stilo
1038 3334 1116 3393 stul·

164 3430 286 3492 tissime
297 3427 318 3460 ¹¹
339 3430 373 3491 in
400 3430 661 3491 monasteriorum
684 3428 818 3509 ascripta
841 3429 1037 3506 uocabulum,
1061 3434 1116 3494 sed

197 3620 407 3671 ¹ucneruntH.
487 3618 605 3669 ¹·tuH.
671 3617 888 3684 'pontificali..
904 3622 1113 3685 ‚mgnumm

163 3698 309 3750 ‘sedielL
389 3698 606 3761 'episc.liatil.
680 3697 849 3751 'necati
918 3696 1067 3751 'dionisim
1079 3701 1116 3753 ll.

163 3774 281 3827 'curam
295 3814 302 3828 .
316 3778 542 3828 ...monasterio
553 3780 627 3827 added
639 3783 776 3839 onomata
787 3780 823 3831 H.
895 3778 1006 3829 'etiam
1017 3780 1114 3831 mn.

164 3854 183 3884 ¹·
199 3857 311 3906 locamn.
327 3856 362 3906 Η.
429 3855 450 3888 ¹¹
469 3856 532 3907 stilo
543 3856 618 3907 stult.
632 3872 677 3907 cm.
693 3856 729 3907 M.
