2859 4334
128 296 189 344 cir.
202 289 321 356 xxva]
429 281 545 348 Gentis
567 284 773 369 duplorum.
1015 283 1078 347 193

128 458 326 533 moriturum,
339 477 479 536 egressus
489 462 686 538 esttempore
695 461 852 522 matutino
862 461 901 521 de
910 459 1053 520 cubiculo
1058 458 1076 534 ¹,

128 555 162 614 in
185 575 248 632 qno
270 556 389 616 infirmi
411 557 619 634 quiescebant,
637 563 668 620 et
688 561 829 621 residens
850 560 936 620 solus
954 560 989 617 in
1012 558 1079 618 loco

129 659 292 732 oportuno,
308 657 408 733 coepit
422 657 550 716 sedulus
563 658 696 734 cogitare
705 659 744 720 de
751 659 871 719 actibus
879 659 952 732 suis,
966 659 997 717 et
1011 676 1081 716 con·

129 757 266 832 punctus
280 755 431 814 memoria
449 759 646 832 peccaterum
666 777 794 818 suorum
814 757 925 818 faciem
943 755 1080 815 lacrimis

129 853 283 928 abluebat,
300 855 393 930 atque
411 853 524 914 intimo
545 873 584 914 ex
605 856 696 916 corde
710 857 814 916 Deum
828 857 1018 933 precabatur,
1040 872 1080 912 ne

130 953 232 1012 adhuc
252 953 333 1012 mori
351 951 486 1027 deberet,
503 955 684 1031 priusquam
706 955 758 1014 uel
778 955 961 1032 praeteritas
979 953 1080 1031 negle-

130 1050 260 1129 gentias,
278 1071 355 1127 quas
368 1052 403 1110 in
416 1051 549 1128 pueritia
561 1055 629 1113 siue
643 1053 777 1113 infantia
795 1053 1000 1126 commiserat,
1017 1071 1082 1129 per·

130 1150 243 1210 lectius
262 1169 301 1209 ex
317 1153 458 1227 tempore
474 1151 641 1228 castigaret,
659 1151 712 1212 uel
728 1153 762 1211 in
780 1151 871 1212 bonis
887 1171 921 1210 se
938 1149 1084 1227 operibus

131 1249 365 1309 habundantius
392 1252 554 1310 exerceret
613 1249 711 1311 Uouit
739 1250 834 1310 etiam
861 1253 981 1323 uotum,
1012 1249 1084 1325 quia

132 1348 209 1408 adeo
233 1349 414 1424 peregrinus
441 1349 548 1408 uiuere
575 1348 681 1424 uellet,
714 1352 750 1409 ut
778 1369 951 1426 numquam
977 1348 1012 1406 in
1039 1347 1084 1405 in·

133 1447 245 1520 sulam,
268 1447 303 1506 in
327 1465 389 1523 qua
407 1449 502 1506 natus
523 1450 579 1523 est,
603 1447 703 1509 idest
726 1447 924 1523 Brittaniam,
947 1446 1083 1520 rediret;

134 1545 858 1623 quiapraetersollemnem²canonicitemporis
866 1545 1080 1622 psalmodiam,

133 1646 241 1706 sinon
255 1643 401 1704 ualetudo
415 1645 549 1720 corporis
566 1643 729 1705 obsisteret
736 1646 755 1721 ⁸,
772 1645 885 1705 cotidie
902 1644 1084 1721 psalterium

134 1747 239 1804 totum
255 1742 290 1802 in
308 1741 493 1802 memoriam
508 1742 633 1803 diuinae
652 1743 754 1804 landis
773 1743 973 1818 decantaret-3
993 1741 1085 1819 quia⁴

133 1843 169 1902 in
187 1842 276 1903 omni
293 1841 468 1918 septimana
484 1842 568 1902 diem
589 1861 661 1902 cum
680 1845 771 1902 nocte
786 1843 912 1902 ieiunus
927 1841 1083 1902 transiret

135 1943 280 2017 Cumque
303 1938 404 1999 finitis
431 1939 574 2014 lacrimis,
605 1941 756 2018 precibus,
783 1944 816 2001 et
844 1942 926 2000 uotis
953 1941 1083 2000 domum

134 2040 259 2112 rediret,
276 2037 398 2098 inuenit
419 2036 556 2098 sodalem
578 2039 806 2115 dormientem
828 2040 944 2116 etipse
965 2057 1086 2115 quoque

134 2137 289 2198 lectulum
323 2137 541 2211 conscendens,
571 2137 672 2215 eoepit
706 2139 741 2198 in
774 2138 912 2215 quietem
946 2136 1089 2197 membra

134 2237 247 2298 laxare
301 2235 437 2296 Etcum
460 2236 624 2314 paululum
652 2237 830 2314 quiesceret,
855 2235 1088 2313 expergefactus

135 2335 253 2396 sodalis
279 2334 415 2412 respexit
442 2354 525 2409 enm,
552 2338 585 2395 et
606 2335 669 2396 ait:
703 2335 746 2396 ‘O
770 2335 867 2396 frater
888 2334 1085 2412 Ecgbercw,

136 2456 154 2495 ο
182 2434 259 2512 quid
287 2433 412 2494 iecisti?
463 2433 638 2510 Sperabam,
670 2434 744 2511 quia
777 2434 892 2511 pariter
924 2434 963 2494 ad
989 2434 1088 2494 uitam

138 2537 300 2594 aeternam
314 2533 509 2593 intraremus
555 2532 785 2594 Uerumtamen
800 2533 906 2607 scitn‘,
916 2533 997 2609 quia,
1011 2551 1090 2610 quae

137 2631 314 2710 postulasti,
329 2630 480 2708 accipies!
522 2630 680 2692 Didicerat
700 2630 787 2692 enim
807 2651 863 2709 per
882 2631 1037 2692 uisionem
1057 2633 1091 2690 et

139 2731 217 2810 quid
245 2729 300 2790 ille
327 2729 464 2808 petisset,
492 2733 524 2790 et
551 2729 623 2807 quia
647 2731 744 2806 petita
770 2730 964 2808 inpetrasset.
1009 2729 1090 2805 Quid

138 2830 267 2893 multa?
302 2829 376 2906 Ipse
390 2828 550 2888 Edilhun⁷
564 2831 706 2905 proxima
726 2833 818 2888 nocte
834 2829 999 2890 debrnctus
1022 2831 1090 2902 est;

137 2935 171 2992 at
195 2949 271 2989 uero
295 2927 482 3006 Ecgberect⁶
504 2926 632 2988 decussa
652 2927 797 2988 molestia
817 2927 1002 3005 egritudinis
1024 2947 1093 2987 con·

139 3025 251 3100 ualent,
268 3045 303 3086 ac
323 3024 426 3086 multo
447 3027 553 3102 postea
572 3027 712 3100 tempore
733 3023 854 3100 uiuens,
871 3027 1093 3102 acceptumque

59 3155 79 3185 ι
139 3124 303 3188 sacerdotii
336 3123 469 3202 gradum
488 3119 492 3202 l
510 3122 672 3200 condignis
706 3141 822 3184 ornans
855 3123 982 3196 actibus,
1022 3125 1094 3200 post

140 3225 243 3288 multa
256 3224 411 3285 uirtutum
426 3223 514 3296 bona,
529 3226 566 3283 ut
579 3222 647 3299 ipse
661 3221 861 3295 desiderabat,
874 3241 982 3298 nuper,
999 3220 1032 3280 id
1046 3223 1094 3280 est

139 3344 226 3386 anno
252 3323 427 3383 dominicae
461 3321 683 3382 incarnationis
711 3317 983 3396 Dcoxxvmlo,
1020 3339 1092 3379 cum
1110 3331 1255 3377 numine

140 3427 224 3485 esset
245 3421 311 3500 ipse
332 3440 487 3482 annorum
506 3419 570 3496 xo,
588 3419 737 3498 magram
757 3419 796 3480 aa
820 3438 916 3496 mgna
938 3417 1090 3479 mista
1110 3392 1247 3507 {lm

140 3523 239 3584 Duxit
258 3524 364 3581 autem
383 3520 482 3580 uitam
500 3520 534 3579 in
553 3538 667 3598 magna
689 3517 887 3594 humilitatis
913 3519 1094 3578 mansuetu·
1110 3524 1163 3556 au
1176 3524 1221 3567 ⁷²9⁴

177 3713 184 3744 ¹
203 3709 295 3762 cubile
311 3709 348 3760 ll.
360 3709 393 3760 ll.
406 3709 472 3774 (aaa
487 3713 523 3758 uo
539 3707 549 3758 l
566 3712 655 3756 mulce
671 3723 722 3756 caer
737 3723 754 3756 o
770 3711 813 3768 c);
829 3706 864 3756 cl.
881 3721 907 3768 p.
919 3721 975 3768 aaa,
995 3708 1060 3754 note
1076 3705 1094 3756 ⁸.

142 3791 152 3821 ¹
168 3796 205 3840 llic
215 3793 287 3840 scriba
298 3791 383 3846 aare
393 3793 459 3838 mele
470 3787 680 3836 sollemnitatem
692 3785 730 3836 ll.
823 3783 833 3813 ⁸
849 3786 899 3833 -rit
910 3785 943 3836 B.
1041 3783 1051 3812 ⁴
1066 3787 1095 3833 et

142 3872 208 3934 qaia
220 3869 250 3920 0.
300 3865 310 3896 ⁵
326 3867 448 3930 ecgberct
459 3865 500 3925 N;
516 3865 627 3914 seberht
638 3864 667 3915 0.
725 3862 735 3891 ⁸
749 3863 812 3926 acio,
825 3867 900 3912 added
910 3879 941 3911 cn
951 3865 1047 3923 morula
1058 3861 1095 3912 ll.

141 3947 151 3976 ¹
168 3946 253 3999 aedil·
264 3943 294 3997 0¹
305 3945 358 4010 (?);
374 3943 459 3995 aedel-
470 3942 503 3994 0¹
513 3943 560 4010 (i).
