2859 4334
151 254 214 302 car.
229 249 287 315 ru]
463 238 578 306 Gerrtia
599 239 804 326 Auplorum.
1065 245 1109 309 87

149 416 329 477 beatissimi
349 417 560 495 apostolorum
586 417 737 494 principis
765 417 861 493 Petri,
887 418 949 495 qui,
977 418 1108 480 fundata

150 515 275 576 Rornae
302 516 429 576 ecclesia
456 516 581 593 Christi,
615 517 811 577 Clementem
840 515 901 576 sibi
931 518 1105 579 adiutorem

150 614 398 692 euangelizandi,
422 615 517 675 simul
541 619 572 674 et
593 634 800 676 successorem
824 635 1018 676 consecrasse
1042 638 1107 694 pcr-

149 711 289 773 hibetur.
334 714 520 774 Laurentius
541 713 762 791 archiepiscopi
780 714 877 791 gradu
897 715 1015 792 potitus
1034 719 1107 775 stm-

149 811 310 872 nuissime
336 812 542 872 fundamenta
569 812 721 886 ecclesiae,
747 832 825 889 quac
852 812 1000 872 nobiliter
1026 814 1106 875 iacta

40 913 89 945 ²⁰²
148 909 242 985 uidit,
250 915 459 988 augmentare,
471 910 797 988 atqueadproiectum
816 908 820 988 Ι
839 910 935 971 debiti
945 911 1102 989 culminis,

148 1013 181 1069 et
196 1010 307 1069 crebra
321 1029 395 1069 uoce
414 1013 537 1069 sanctae
556 1008 788 1081 exhortationis
806 1010 838 1068 et
855 1010 1014 1068 continuis
1034 1011 1103 1087 piae

146 1108 343 1185 operationis
356 1108 507 1185 exemplis
525 1107 693 1185 prouehere
707 1106 836 1166 curauit.
880 1107 1023 1184 Denique
1037 1129 1102 1170 non

146 1207 256 1267 solum
282 1227 390 1283 nonae,
414 1227 493 1285 quae
517 1206 556 1266 de
576 1205 692 1284 Anglis
715 1208 781 1264 erat
801 1205 936 1278 collecta,
957 1207 1102 1268 ecclesiae

144 1325 259 1366 curam
280 1306 414 1383 gerebat,
433 1307 486 1366 sed
506 1307 538 1365 et
558 1308 701 1364 ueterum
721 1304 894 1364 Brittaniae
915 1304 1097 1383 incolarum,
1117 1324 1275 1384 erumpam

143 1423 204 1464 nec
224 1425 292 1464 non
311 1408 342 1465 et
361 1406 547 1481 Scottorum,
564 1404 619 1481 qui
633 1403 820 1464 Hiberniam
838 1402 974 1464 insulam
989 1406 1101 1466 Britta·
1117 1387 1273 1492 ffiffiie‘h

144 1503 221 1564 niae
236 1504 411 1580 proximam
426 1504 576 1578 incolunt,
594 1501 719 1580 populis
732 1501 918 1578 pastoralem
934 1502 1101 1579 inpendere
1119 1505 1251 1552 chumaea.

142 1602 395 1663 sollicitudinem
419 1601 552 1662 curabat
598 1600 759 1678 Siquidem
783 1599 839 1659 ubi
863 1599 1040 1662 Scottorum
1065 1604 1100 1664 in

142 1701 287 1778 praelata
315 1703 451 1778 ipsorum
479 1701 586 1778 patria,
613 1700 768 1778 quomodo
796 1702 829 1758 et
853 1699 1040 1761 Brettonum
1065 1701 1101 1762 in

142 1801 215 1877 ipsa
241 1800 405 1876 Brittania,
435 1801 535 1860 uitam
562 1819 597 1860 ac
624 1799 847 1876 professionem
876 1799 983 1858 minus
1010 1801 1100 1860 eccle

140 1899 304 1959 siasticam
320 1899 353 1959 in
365 1899 475 1958 multis
485 1919 551 1958 esse
562 1899 714 1976 cognouit,
727 1898 862 1957 maxime
874 1899 956 1974 quod
970 1899 1099 1974 paschae

139 1997 392 2058 sollemnitatem
420 2018 484 2058 non
508 2017 564 2057 suo
589 2001 730 2074 tempore
753 1995 950 2071 celebrarent,
975 1997 1037 2073 sed,
1062 2001 1099 2057 ut

139 2117 242 2174 supra
261 2097 431 2172 docuimus,
448 2117 466 2157 a
485 2097 607 2158 XIIII³
624 2097 700 2156 luna
717 2115 816 2172 usque
829 2095 867 2155 ad
883 2095 985 2156 XXum
1001 2095 1097 2155 domi-

140 2196 236 2255 nicae
257 2196 488 2256 resurrectionis
502 2197 585 2256 diem
602 2195 831 2256 obseruandum
846 2214 913 2254 esse
930 2197 1097 2271 putarent3

138 2294 272 2370 scripsit
300 2315 370 2355 oum
399 2295 587 2372 coepiscopis
615 2294 680 2355 suis
707 2294 950 2354 exhortatoriam
976 2296 1015 2355 ad
1044 2315 1097 2356 eos

139 2393 324 2471 epistulam,
342 2395 502 2456 obsecrans
520 2413 571 2454 eos
592 2397 623 2454 et
644 2395 822 2453 contestans
841 2392 994 2453 unitatem
1012 2395 1097 2471 pacis

137 2497 173 2553 et
204 2492 374 2553 catholicae
402 2493 626 2553 obseruationis
653 2511 725 2551 cum
752 2509 795 2564 ea,
823 2510 901 2567 quae
927 2495 994 2552 toto
1022 2494 1095 2553 orbe

136 2591 261 2652 diffusa
284 2595 338 2668 est,
364 2593 490 2652 ecclesia
518 2591 634 2653 Christi
661 2588 806 2664 tenere¹;
836 2589 925 2650 cicius
951 2591 1096 2652 uidelicet

136 2690 299 2770 epistulae
312 2691 500 2768 principium
515 2691 572 2752 hoo
586 2693 653 2752 est:

181 2791 322 2850 nmina
348 2791 507 2851 saracems
532 2790 681 2863 framea
707 2775 844 2862 ercam
869 2789 916 2848 us
942 2789 1095 2849 seorsus

129 2907 194 2965 per
214 2890 384 2948 uniuersam
407 2889 546 2950 Scotticm
567 2888 755 2960 Laurentes,
780 2888 920 2960 Mellitca,
942 2891 969 2946 et
989 2887 1095 2947 Iustus

133 2979 273 3064 episcopi,
289 2989 368 3047 semi
381 3005 532 3048 summm
545 2989 610 3046 Dei.

179 3087 266 3146 Dum
285 3105 340 3146 noa
359 3087 437 3148 aedes
457 3088 611 3162 apostolica
631 3103 709 3146 more
728 3103 789 3158 arc,
808 3084 882 3144 aicta
902 3086 935 3142 r‘u
955 3084 1092 3143 aninmo
1109 3100 1242 3148 meanto

133 3185 207 3246 orec
227 3189 377 3259 terrarum,
395 3187 428 3244 in
448 3187 494 3246 hia
514 3186 638 3245 omiduia
651 3185 788 3259 partibus
806 3184 845 3243 ad
859 3183 1092 3258 praedicandum
1108 3161 1236 3213 ‘¹¹⁰ffi‘h·

132 3285 275 3360 pentibus
288 3289 418 3360 pcycnis
437 3285 578 3360 diriperet,
603 3289 688 3358 atum
707 3285 743 3343 in
762 3284 838 3342 tanc
858 3283 997 3354 insulam,
1018 3299 1092 3356 qum

134 3384 297 3443 Brittania
309 3388 503 3458 nuncupatur,
521 3384 639 3458 conticit
652 3383 804 3451 iunctam
825 3386 982 3453 amplam
994 3398 1092 3454 scyno

133 3499 289 3555 secretum
306 3483 454 3558 cenans,
469 3483 544 3558 quod
556 3483 639 3540 turta
652 3498 759 3540 morem
772 3480 949 3538 uniuersalis
962 3479 1091 3538 eccesiae

133 3579 384 3657 incredcrentufl,
402 3583 434 3640 in
452 3599 562 3656 macno
579 3580 742 3640 reuerentia
758 3579 922 3637 comitatu
935 3582 996 3636 tam
1008 3577 1091 3636 Brot-

133 3686 218 3740 tonce
246 3697 337 3754 quom
362 3679 472 3740 Scottoe
498 3681 630 3739 merati
656 3695 778 3748 sumum
813 3677 863 3736 aed
896 3679 1091 3751 coynococntm

271 3879 280 3909 ¹
298 3876 365 3930 ·re⁸t'
377 3879 412 3929 M.
490 3877 500 3906 ²
517 3883 552 3928 tte
563 3881 634 3928 ecrite
645 3881 731 3936 atfirst
741 3881 807 3924 wrote
817 3874 907 3938 egred-
919 3874 955 3926 ll.
