2859 4334
372 216 434 280 116
641 215 799 282 Hiatom'aa
820 215 1051 282 Ecclesiasticus
1206 225 1285 291 [run.

370 409 441 450 cum
464 411 520 452 sua
541 391 701 470 prouincia
722 391 881 468 suscipere
926 391 969 451 Et
993 391 1121 469 quidem
1144 395 1227 467 pater
1243 388 1288 448 eius

370 489 512 549 Reduald
532 491 714 550 iamdudum
728 491 763 550 in
780 491 891 551 Guntia
908 491 1110 550 sacramentis
1128 489 1289 550 Christiana

372 587 445 647 fidei
459 588 588 649 inbutus
603 591 657 664 est,
676 588 730 649 sed
750 589 885 663 frustra3
910 607 983 648 nam
998 588 1122 647 rediens
1135 583 1289 648 demumst

370 706 465 746 uxore
480 707 535 747 sua
553 691 584 746 et
602 687 787 764 quibusdam
802 687 956 765 pemersis
977 687 1154 747 doctoribus
1175 687 1292 745 seductus

370 789 454 859 emt
438 785 746 862 atqueasinceritate
756 785 829 846 fider
837 786 1023 862 depracatus
1032 785 1141 845 habult
1150 782 1354 890 posteram
1302 779 1376 831 aaa

370 883 472 960 peiora
491 884 663 960 prioribus;
688 885 733 944 ita
751 884 815 943 ut
805 903 839 942 an
858 903 978 944 morem
998 882 1201 960 antiquorum
1218 859 1354 943 Samma
1304 854 1376 949 mii-¹

370 983 590 1042 titanorum
559 1003 576 1042 e
577 983 734 1043 tOhristo
715 983 871 1042 oseruire
889 983 1047 1041 uideretur
1067 986 1099 1041 et
1116 981 1184 1057 diis,
1206 962 1376 1067 ᾳυίὺιιεᾞ

369 1084 460 1140 antea
473 1082 626 1140 seruiebat
639 1104 646 1148 ;
667 1082 783 1157 atque‘
774 1102 807 1140 m
827 1080 937 1141 eodem
950 1081 1024 1139 fano
1038 1083 1069 1139 et
1082 1080 1180 1139 altare
1193 1078 1294 1140 haberat
1304 1097 1324 1136 a·

368 1181 407 1240 ad
428 1179 614 1239 sacrificium
636 1180 759 1251 Christi,
784 1185 816 1240 et
835 1179 955 1239 arulam
975 1180 1014 1239 ad
1035 1179 1180 1239 uictimas
1199 1179 1296 1237 daenc

369 1278 502 1338 nicrum.
542 1278 630 1352 Quod
644 1278 793 1338 uidelicet
805 1279 914 1338 fanum
923 1297 978 1337 rex
991 1277 1132 1336 eiusdem
1145 1276 1296 1354 prouinciae
1375 1256 1376 1289 l

368 1376 511 1452 Alduulf,
529 1377 582 1453 qui
597 1382 703 1437 nostra
716 1380 816 1436 aetate
831 1377 898 1451 fuit,
917 1395 1015 1453 usque
1030 1377 1069 1436 ad
1089 1395 1183 1435 suum
1195 1380 1297 1451 tempus

369 1475 557 1552 perdurasse,
575 1480 606 1535 et
619 1495 653 1535 se
667 1477 701 1535 in
715 1475 847 1552 pueritia
861 1475 977 1536 uidisse
991 1475 1168 1534 testabatur.

410 1573 485 1634 Erat
495 1577 601 1634 autem
615 1575 771 1652 praefatus
781 1595 836 1634 rex
845 1573 985 1634 Reduald
995 1575 1073 1633 natu
1082 1572 1204 1647 nobilis,
1216 1589 1299 1648 quan·

198 1656 205 1682 ‘
254 1675 255 1678 ‘
297 1673 307 1686 ‘·
369 1674 447 1734 abac
474 1679 545 1734 auu
573 1675 728 1750 ignobilis,
759 1674 845 1734 alius
879 1673 986 1751 ryuu,
1019 1673 1108 1732 cuns
1142 1675 1228 1749 puer
1256 1669 1299 1729 aa

370 1771 472 1846 qufa,
496 1792 596 1850 aquo
617 1793 704 1850 reges
725 1771 934 1833 Orientalium
953 1771 1134 1848 Anglorum
1159 1769 1301 1846 Uuffinga
1375 1758 1376 1777 ³

369 1871 535 1947 appellant.

269 2036 273 2044 ,
412 1971 533 2030 Uerum
547 1970 701 2046 Eorpuald
713 1989 776 2030 non
789 1971 898 2044 multo,
910 1972 1075 2046 postquam
1086 1970 1182 2029 fidem
1194 1965 1300 2044 accepit,

198 2108 229 2138 on
261 2049 309 2136 iam
371 2073 509 2145 tempore
530 2070 648 2128 occisus
668 2072 715 2128 est
731 2089 749 2128 a
765 2068 834 2128 uiro
847 2069 959 2146 gentili
975 2069 1104 2128 nomine
1123 2062 1303 2135 Ricberct0¹3

371 2171 402 2227 et
416 2168 527 2227 exinde
548 2167 648 2226 tribus
668 2167 760 2226 annis
778 2168 937 2244 prouincia
955 2168 990 2226 in
1009 2187 1112 2226 errore
1128 2169 1246 2226 uersata
1257 2166 1302 2222 cst

370 2265 467 2324 donec
486 2265 603 2341 accepit
626 2264 779 2342 regnum’
794 2265 890 2324 frater
909 2265 1049 2324 eiusdem
1064 2263 1233 2341 Eorpualdi
1252 2260 1306 2336 Sig-

369 2361 463 2436 berct,
480 2363 530 2421 uir
545 2383 601 2441 per
619 2364 726 2422 omnia
749 2363 1036 2422 Christianissimus
1055 2383 1091 2422 ac
1113 2362 1304 2423 doctissimus

250 2481 255 2492 ·
282 2481 290 2524 i
326 2505 334 2515 .
370 2461 431 2538 qui,
444 2461 571 2521 uiuente
584 2462 685 2522 adhuc
699 2461 802 2537 fratre,
823 2481 895 2521 cum
915 2462 1053 2522 exularet
1068 2461 1102 2520 in
1122 2461 1230 2534 Gallia,
1245 2457 1307 2519 fidei

247 2541 299 2642 ³⁰¹¹„
328 2600 353 2644 ia
369 2561 569 2620 sacramentis
587 2561 716 2619 inbutus
735 2563 791 2633 est,
814 2580 947 2636 quorum
965 2561 1158 2636 participem,
1175 2579 1245 2619 mox
1262 2555 1307 2615 ubi

198 2673 232 2702 ¹1¹²
251 2673 294 2702 0r=
307 2659 341 2712 a·
369 2678 497 2735 regnare
516 2658 624 2734 coepit,
643 2661 742 2718 totam
760 2677 850 2718 suam
869 2658 1061 2734 prouinciam
1078 2659 1176 2718 iacere
1189 2655 1303 2718 curauit

244 2732 294 2846 ‚1:¹¹
369 2757 465 2817 Cuius
485 2756 598 2816 studiis
617 2756 838 2834 gloriosissime
859 2757 939 2816 lauit
960 2757 1050 2816 Felix
1072 2757 1238 2834 episeopus,
1260 2751 1306 2829 qui

218 2850 273 2880 ⁰¹¹·
369 2857 407 2916 de
422 2855 675 2932 Burgundiorum
692 2856 840 2932 partibus,
857 2856 913 2916 ubi
931 2859 1018 2917 ortus
1036 2863 1068 2917 et
1086 2857 1244 2917 ordinatus
1256 2856 1303 2915 est

369 2975 440 3014 cum
461 2955 598 3014 uenisset
618 2955 655 3014 ad
678 2954 857 3014 Honorium
876 2955 1152 3031 archiepiscopum,
1169 2958 1254 3032 eique
1269 2952 1308 3011 in·

369 3051 500 3112 dicasset
515 3052 703 3111 desiderium
718 3072 819 3126 suum,
837 3052 926 3111 misit
939 3072 1013 3111 eum
1026 3053 1066 3112 ad
1079 3052 1307 3130 praedicandum

369 3150 503 3210 uerbum
518 3151 600 3209 uitae
613 3150 786 3226 praefatae³
804 3151 924 3210 nationi
938 3151 1125 3228 Anglorum
1171 3151 1233 3211 Nec
1245 3153 1308 3209 uota

370 3247 468 3324 ipsius
486 3249 520 3307 in
539 3268 660 3308 cassum
677 3248 831 3322 cecidere3
860 3250 938 3326 quin
951 3250 1056 3326 potius
1076 3250 1215 3310 fructum
1231 3251 1263 3310 in
1279 3267 1309 3306 aa

368 3347 576 3423 multiplicem
591 3346 787 3407 credentium
803 3348 993 3425 populorum
1006 3348 1079 3424 pius
1092 3350 1160 3426 agri
1174 3347 1309 3425 spiritalis

368 3445 469 3504 cultor
496 3445 625 3504 inuenit.
683 3445 845 3522 Siquidem
872 3449 973 3506 totam
1000 3447 1090 3507 illam
1117 3447 1306 3523 prouinciam.
1375 3476 1376 3503 l

367 3543 454 3602 iuxta
482 3543 531 3603 sui
559 3543 697 3603 nominis
724 3547 960 3617 sacramentum,
990 3565 1009 3605 a
1036 3546 1130 3624 longa
1157 3546 1308 3623 iniquitate
1375 3544 1376 3619 l

367 3644 461 3716 atque
474 3639 655 3700 infelicitate
669 3641 842 3718 liberatam,
857 3643 895 3702 ad
910 3644 1006 3703 fidem
1020 3646 1052 3704 et
1065 3665 1159 3721 opera
1173 3641 1304 3704 iustitiae.
1375 3622 1376 3661 ³

367 3759 402 3799 ac
416 3741 581 3816 perpetuae
592 3739 749 3800 felicitatis
763 3741 845 3800 dona
855 3743 1009 3819 perduxit,
1022 3745 1200 3821 accepitque
1211 3740 1305 3801 sedam

401 3867 409 3895 ¹
427 3870 546 3918 -berchto
558 3871 586 3920 C.
676 3869 686 3898 ²
703 3885 824 3936 regnum,
835 3877 912 3922 added
922 3889 953 3922 cn
962 3878 1057 3936 marcia
1068 3875 1107 3925 ll.
1178 3873 1188 3902 ¹
1203 3872 1232 3921 -u
1243 3869 1275 3918 Ι.
