2859 4334
148 243 208 290 cu.
220 237 421 303 xx1[xx111].]
455 225 571 292 Gentis
594 227 798 312 Anplomm.
1032 229 1096 292 253

188 401 274 476 Quae
293 420 373 476 oum,
397 400 504 461 relioto
527 402 635 462 habitu
654 402 811 476 saeculari,
832 401 882 460 illi
902 401 960 462 soli
982 400 1099 461 seruire
1115 414 1226 485 seoqos

147 499 342 573 decreuisset,
369 501 495 560 secessit
515 502 553 561 ad
582 501 775 577 prouinciam
800 501 1008 561 Orientalium
1035 501 1099 559 An·
1115 474 1221 520 Μῶα
1301 493 1305 498 ’

148 598 280 674 giorum,
297 602 362 659 erat
376 619 513 676 namque
526 603 701 676 propinqua
714 600 797 676 regis
811 599 904 674 illius,
922 600 1100 659 desiderans

148 697 270 770 exinde,
287 697 377 773 siquo
391 698 485 758 modo
495 702 607 774 posset,
624 698 770 758 derelicta
784 699 883 775 patria
898 702 929 758 et
941 698 1096 769 omnibus,

148 815 362 872 quaecumque
390 796 546 870 habuerat,
579 797 715 857 Galliam
743 798 916 873 peruenire,
944 801 1037 873 atque
1064 796 1099 855 in
1190 835 1196 847 ι

149 895 340 954 monasterio
354 895 428 954 Gale
437 896 634 972 peregrinam
647 915 704 971 pro
716 896 853 955 Domino
863 896 962 955 uitam
977 896 1096 967 ducere,

149 1011 211 1068 quo
225 991 347 1052 facilius
357 996 538 1070 perpetuam
549 993 583 1053 in
595 994 687 1054 oaelis
697 995 831 1071 patriam
843 997 946 1071 posset
957 994 1068 1053 mereri
1079 993 1096 1054 ¹.

150 1092 231 1151 Nam
248 1093 279 1150 et
297 1091 331 1150 in
350 1092 459 1152 eodem
479 1093 668 1152 monasterio
689 1112 775 1152 soror
792 1092 892 1169 ipsius
911 1091 1067 1153 Heraeuid
1078 1090 1096 1165 ²,

150 1193 250 1249 mater
270 1190 437 1251 Alduulfi³
461 1191 542 1268 regis
564 1192 773 1252 Orientalium
801 1191 987 1268 Anglorum,
1015 1211 1100 1268 regu·

150 1287 267 1347 laribus
288 1288 414 1349 subdita
433 1289 614 1366 disciplinis,
637 1290 705 1367 ipso
726 1292 865 1366 tempore
885 1311 1032 1350 ooronam
1052 1311 1101 1350 ex·

149 1387 292 1464 pectebat
326 1391 507 1462 aeternam
542 1389 631 1449 ouius
662 1388 817 1449 aemulata
849 1390 1037 1466 exemplum,
1068 1394 1101 1449 et

149 1486 216 1562 ipsa
236 1486 396 1562 proposito
414 1487 631 1564 peregrinandi
651 1507 771 1547 annum
789 1490 893 1546 totum
911 1487 946 1546 in
964 1488 1101 1564 praefata

149 1584 312 1662 prouincia
338 1588 460 1645 retenta
486 1595 556 1660 est;
591 1586 704 1646 deinde
732 1585 771 1644 ab
801 1585 926 1645 Aidano
957 1587 1101 1664 episeopo

150 1678 284 1755 patriam
311 1682 455 1740 reuocata
489 1681 605 1757 aooepit
638 1680 743 1740 looum
778 1679 872 1739 unius
899 1679 1035 1741 familiae
1061 1682 1100 1741 ad

49 1786 55 1822 ’-
101 1797 122 1826 a
151 1773 426 1850 septentrionalem
445 1775 450 1854 l
468 1775 591 1852 plagam
614 1774 726 1835 Uiuri⁴
748 1773 898 1849 fluminis,
925 1774 980 1834 ubi
1003 1795 1102 1853 aeque

151 1889 235 1930 anno
263 1892 327 1932 uno
355 1872 569 1934 moaaohioam
597 1893 669 1933 oum
697 1873 859 1950 perpaucis
886 1874 978 1934 sooiis
1001 1873 1101 1933 uitam

151 1970 268 2046 agebat.

193 2069 272 2128 Post
296 2069 370 2130 hseo
390 2070 471 2130 faeta
491 2073 539 2131 est
559 2070 713 2131 abbatissa
737 2071 772 2130 in
793 2071 990 2144 monasterio,
1019 2073 1101 2147 quod

151 2170 282 2228 uocatur
295 2167 438 2228 Heruteu
450 2169 471 2242 ⁶;
493 2169 574 2245 quod
587 2169 733 2228 uidelicet
746 2169 971 2230 monasterinm
985 2169 1103 2229 factum

150 2269 217 2326 erat
236 2286 302 2326 non
323 2267 425 2326 multo
445 2272 518 2328 ante
537 2288 555 2328 a
572 2267 713 2345 religiosa
735 2268 851 2329 Christi
866 2268 985 2328 famula
1005 2268 1098 2342 Heiu,

149 2385 230 2442 quae
255 2365 357 2441 prima
384 2366 573 2426 feminarum
598 2366 698 2427 fertur
723 2365 758 2425 in
782 2367 942 2442 prouincia
966 2365 1104 2426 Norden·

151 2463 376 2540 hymbrorum⁸
410 2465 605 2542 propositum
639 2468 822 2542 uestemque
860 2465 1104 2524 sanctimonialis

152 2561 288 2634 habitus,
302 2566 500 2623 oonseorante
514 2563 639 2623 Aidano
653 2564 803 2640 episeopo,
818 2564 997 2640 suscepisse.
1042 2564 1102 2624 Sed

152 2660 210 2720 illa
223 2664 295 2736 post
309 2681 374 2720 non
391 2662 529 2722 multum
540 2665 666 2739 tempus
680 2663 755 2722 facti
766 2662 967 2723 monasterii7
977 2662 1103 2721 secessit

151 2759 191 2818 sd
207 2758 367 2818 ciuitatem
387 2759 565 2834 Calcariam,
582 2780 661 2837 quae
678 2781 697 2820 a
712 2764 806 2838 gente
822 2762 1000 2837 Anglorum
1019 2760 1103 2819 Kal·

152 2854 320 2913 eaoaestir⁸
330 2854 505 2931 appellatur
516 2857 535 2929 ⁹,
551 2855 656 2932 ibique
670 2855 730 2914 sibi
744 2856 940 2915 mansionem
953 2855 1101 2916 instituit.

153 2953 298 3013 Praelata
331 2955 437 3014 autem
471 2953 618 3030 regimini
652 2954 836 3015 monasterii
867 2953 953 3013 illins
987 2952 1105 3013 famula

152 3050 274 3112 Christi
290 3051 379 3126 Hild,
399 3071 473 3112 mox
494 3052 552 3111 hoo
570 3052 704 3130 regulari
722 3053 788 3113 uita
808 3072 863 3129 per
881 3051 995 3126 omnia,
1012 3056 1105 3128 prout

153 3175 171 3213 a
187 3151 289 3215 doctis
303 3149 381 3210 uiris
394 3151 510 3210 discere
524 3153 652 3227 poterat,
667 3150 810 3210 ordinare
823 3150 969 3224 ourabat3
984 3169 1057 3209 nam
1072 3154 1105 3209 et

153 3251 318 3328 episeopus
331 3249 444 3318 Aidan,
460 3253 492 3308 ot
507 3249 622 3326 quique
636 3253 790 3309 nouerant
804 3268 873 3308 eam
887 3247 1031 3324 religiosi,
1049 3268 1105 3324 pro

153 3349 251 3410 insita
271 3348 300 3407 ei
321 3346 471 3424 sapientia
491 3350 524 3406 et
545 3367 650 3407 amore
673 3347 776 3406 diuini
795 3347 974 3421 famulatus,
997 3347 1106 3406 sedulo

153 3467 225 3510 eam
239 3446 375 3520 uisitare,
388 3445 501 3507 obnixe
514 3465 625 3521 amare,
638 3445 806 3522 diligenter
816 3445 939 3504 erudire
953 3444 1104 3506 solebant.

188 3645 367 3696 ¹meririll1.
432 3642 576 3706 ²·suio03
593 3646 664 3694 heri·
676 3645 707 3694 B.
773 3644 895 3694 ’aldulfi
907 3646 937 3694 0.
1002 3643 1105 3693 ‘uuiu-

156 3728 222 3777 ric.
291 3723 452 3787 ⁵heortesig
463 3724 504 3774 Bi.
569 3723 729 3774 ‘nard-Mt
794 3721 855 3771 ²·ri
868 3723 914 3773 Μ’.
978 3722 1106 3771 'kaelca-

155 3807 193 3864 B;
205 3804 363 3868 heleaoestir
372 3803 414 3862 0¹3
431 3803 610 3853 heloaoeastsr
622 3803 654 3852 D.
662 3803 722 3862 διας
735 3802 833 3852 oealoa·
842 3800 888 3863 0²3
905 3801 1063 3851 kaeloaestir
1072 3801 1105 3850 N.

152 3885 164 3915 '
179 3887 295 3934 uocatur
302 3883 331 3932 G.
343 3881 376 3932 D.
387 3882 433 3931 lto.
