2859 4334
121 263 179 311 cn.
191 256 225 321 1.]
424 243 539 311 Gentis
561 242 765 330 Anqlorcca
1028 240 1070 302 77

119 421 228 494 toriis;
250 418 358 480 libello
378 439 500 496 quoque
520 417 676 496 synodico,
694 435 788 494 quem
809 414 901 475 cum¹
922 412 1072 491 episcopis

120 520 232 580 Italiae
252 519 291 578 de
312 518 491 580 necessariis
516 518 659 578 ecclesiae
680 517 780 579 causis
805 516 978 579 utillimum
1003 532 1072 572 con·

120 619 282 696 poenitet
301 616 507 677 familiaribus
527 616 566 676 ad
587 617 738 694 quosdam
758 617 879 678 litteris
924 613 1013 689 Quod
1035 631 1072 670 eo

120 717 221 795 magis
236 717 352 776 mirum
370 718 418 776 est
436 718 484 775 tot
503 735 575 775 eum
596 735 631 776 ac
652 717 740 776 tanta
760 717 890 776 condere
909 710 1072 773 uolumina

121 815 268 894 potuisse,
285 815 368 892 quod
385 814 472 874 omni
491 834 570 891 pene
588 815 764 876 iuuentutis
781 835 855 875 suae
871 816 1018 889 tempore,
1036 812 1072 869 ut

120 914 227 974 uerbis
240 913 339 991 ipsius
352 913 468 990 loquar,
486 913 600 973 crebris
613 913 769 974 uiscerum
787 912 946 974 doloribus
962 909 1073 969 crucia·

120 1013 213 1073 batur
221 1011 240 1084 ²,
265 1013 351 1072 horis
374 1013 607 1089 momentisque
630 1012 778 1073 omnibus
801 1013 897 1072 fracta
919 1007 1072 1070 stomachi

120 1113 240 1172 uirtute
253 1111 442 1182 lassescebat,
458 1110 553 1170 lentis
566 1110 703 1188 quidem,
721 1111 776 1172 sed
789 1113 896 1170 tamen
913 1107 1072 1168 continuis

121 1210 261 1270 febribus
279 1209 453 1270 anhelabat.
498 1209 619 1270 Uerum
633 1209 716 1270 inter
729 1209 812 1286 haec,
830 1210 907 1269 dum
921 1205 1072 1267 sollicitus

36 1321 105 1371 aaa
121 1311 274 1387 pensaret,
309 1307 382 1386 quia
410 1307 563 1384 scriptura
597 1311 696 1370 teste:
735 1307 865 1369 ‘Omnis
891 1306 984 1381 filius,
1017 1303 1072 1381 qui

123 1409 278 1486 recipitur,
303 1405 511 1484 flagellatur';
532 1425 593 1484 quo
615 1406 706 1466 malis
728 1405 944 1484 praesentibus
964 1404 1072 1464 durius

120 1506 360 1584 deprimebatur,
392 1525 428 1565 eo
463 1505 502 1566 de
531 1508 657 1566 aeterna
691 1505 805 1565 certius
838 1503 1072 1581 praesumtione

120 1603 301 1682 respirabat.

162 1703 250 1764 Haec
271 1702 398 1779 quidem
419 1702 457 1762 de
477 1701 637 1761 inmortali
658 1701 725 1762 eius
744 1702 810 1762 sint
830 1702 914 1762 dicta
936 1699 1071 1777 ingenio,

120 1803 206 1881 quod
221 1822 278 1861 nec
292 1804 382 1861 tanto
396 1801 533 1878 corporis
542 1801 644 1878 potuit
656 1801 763 1860 dolore
773 1800 926 1876 restingui
934 1799 954 1860 ³.
991 1798 1073 1857 Nam

120 1901 176 1962 alii
196 1901 324 1979 quidam
345 1899 508 1978 pontifices
531 1900 747 1960 construendis
769 1899 978 1975 ornandisque
998 1917 1074 1958 auro

120 1999 174 2060 uel
195 2001 323 2078 argento
345 1998 481 2058 ecclesiis
501 2019 626 2076 operam
646 1999 771 2074 dabant,
788 1977 841 2059 hic
861 2001 967 2058 autem
988 2000 1073 2057 totus

120 2119 194 2177 erga
214 2099 389 2158 animarum
411 2097 496 2157 lucra
517 2098 652 2158 uacabat.

36 2211 63 2258 a.
163 2197 317 2276 Quicquid
336 2195 484 2274 pecuniae
500 2195 656 2270 habuerat,
674 2177 801 2256 sedilus
822 2195 880 2255 hoc
900 2195 1074 2272 dispergere
1090 2218 1245 2264 ascham>

39 2287 56 2326 ᾳ
120 2317 156 2358 ac
170 2297 245 2358 dare
257 2295 444 2374 pauperibus
464 2295 598 2370 curabat,
615 2298 652 2355 ut
666 2294 786 2355 iustitia
804 2294 871 2354 eius
884 2297 1025 2354 maneret
1038 2293 1072 2353 in
1090 2281 1135 2325 W·

120 2394 282 2457 saeculum
298 2392 419 2468 saeculi,
439 2395 471 2453 et
490 2413 586 2453 cornu
606 2393 673 2453 eius
689 2394 877 2453 exaltaretur
897 2393 932 2452 in
953 2393 1072 2470 gloria3

36 2505 95 2551 xxia
121 2495 167 2555 ita
186 2497 225 2554 ut
243 2493 322 2552 illud
340 2491 422 2552 beati
442 2490 500 2551 Iob
519 2492 669 2552 ueraciter
689 2491 792 2552 dicere
811 2494 936 2568 posset:
961 2491 1074 2552 ‘Auris

36 2579 51 2618 ⁷'
119 2593 254 2654 audiens
266 2589 474 2651 beatificauit⁴
487 2609 547 2666 me,
564 2593 595 2650 et
609 2590 716 2650 oculus
730 2590 842 2650 uidens
856 2590 1073 2650 testimonium

119 2691 268 2752 reddebat
280 2690 368 2765 mihi,
379 2689 461 2766 quod
472 2688 653 2749 liberassem
662 2708 831 2766 pauperem
839 2689 1069 2760 uociferantem,

119 2795 153 2851 et
167 2789 335 2867 pupillum,
350 2786 399 2847 cui
413 2806 478 2846 non
492 2790 574 2848 esset
587 2787 716 2848 adiutor.
748 2787 930 2848 Benedictio
943 2787 1074 2864 perituri

120 2909 218 2968 super
252 2907 303 2948 me
330 2886 483 2962 ueniebat,
509 2889 541 2946 et
567 2906 621 2946 cor
647 2887 760 2947 uiduae
788 2887 963 2946 consolatus
990 2907 1071 2947 sum.

121 2987 253 3050 Iustitia
271 2987 402 3047 indutus
419 3005 498 3058 sum,
516 2988 547 3045 et
566 2985 698 3045 uestiui³
712 3005 772 3060 me,
789 2986 870 3046 sicut
883 2986 1072 3046 uestimento

38 3115 53 3144 ι
119 3091 153 3147 et
174 3085 378 3158 diademate⁸‚
395 3083 508 3144 iudicio
528 3103 607 3143 meo.
629 3082 633 3161 Ι
652 3083 769 3144 Oculus
788 3083 834 3143 sui
855 3104 950 3158 caeco,
967 3087 998 3144 et
1019 3104 1074 3160 pes

120 3185 241 3248 claudo.
307 3183 402 3243 Pater
428 3201 513 3242 eram
540 3202 721 3259 pauperum,
751 3187 784 3242 et
815 3202 946 3257 causam,
978 3203 1073 3260 quam

120 3283 308 3356 nesciebam,
331 3281 569 3358 diligentissime
591 3281 825 3359 inuestigabam.
870 3282 1073 3344 conterebam

119 3383 224 3444 molas
238 3381 346 3458 iniqui,
364 3381 395 3440 et
409 3378 603 3440 dedentibus
617 3379 703 3441 illius
717 3381 893 3440 auferebam
908 3382 1073 3457 praedam!

36 3503 90 3548 ma
119 3483 165 3542 Et
186 3481 281 3560 paulo
305 3481 395 3556 post:
423 3478 474 3538 ‘Si
497 3479 629 3556 negaui,’
651 3478 762 3556 inquit,
790 3480 890 3556 ‘quod
915 3479 1070 3552 uolebant,

36 3569 48 3608 b
119 3578 319 3660 pauperibus,
337 3581 368 3638 et
382 3576 487 3638 oculos
501 3575 613 3636 uiduae
627 3579 801 3655 exspectare
815 3579 881 3638 feci.
909 3578 941 3639 Si
953 3579 1072 3639 comedi

155 3741 243 3791 'cum
254 3755 300 3788 orn.
314 3738 348 3788 M.
431 3737 642 3800 'fatigaturblt
708 3739 861 3800 ³restringi
874 3741 910 3796 (ἴς
928 3741 1074 3803 restringat

118 3820 154 3878 D,
168 3824 226 3868 crea
238 3835 252 3867 r
262 3821 353 3867 ddded.
497 3815 506 3844 ⁴
524 3815 692 3865 beatificabat
704 3817 738 3864 M.
747 3817 792 3878 Hp.
800 3817 843 3867 W.
855 3823 905 3865 aaa
914 3835 939 3866 so
950 3819 1072 3881 Vulgata.

118 3901 128 3930 ⁵
146 3899 262 3948 meiana
274 3896 310 3946 Μ.
376 3893 385 3922 ⁸
402 3894 537 3945 dead-11¹.
552 3893 592 3946 N¹.
