<?xml version="1.0" encoding="UTF-8"?>
<!DOCTYPE html PUBLIC "-//W3C//DTD XHTML 1.0 Transitional//EN"
    "http://www.w3.org/TR/xhtml1/DTD/xhtml1-transitional.dtd">
<html xmlns="http://www.w3.org/1999/xhtml" xml:lang="en" lang="en">
 <head>
  <title>
</title>
<meta http-equiv="Content-Type" content="text/html;charset=utf-8" />
  <meta name='ocr-system' content='tesseract 3.04.00' />
  <meta name='ocr-capabilities' content='ocr_page ocr_carea ocr_par ocr_line ocrx_word'/>
</head>
<body>
  <div class='ocr_page' id='page_1' title='image "./venerabilisbaed03plumgoog_0331.png"; bbox 0 0 2859 4334; ppageno 0'>
   <div class='ocr_carea' id='block_1_1' title="bbox 131 259 1081 346">
    <p class='ocr_par' dir='ltr' id='par_1_1' title="bbox 131 259 1081 346">
     <span class='ocr_line' id='line_1_1' title="bbox 131 259 1081 346; baseline 0.003 -23"><span class='ocrx_word' id='word_1_1' title='bbox 131 268 274 334; x_wconf 57' lang='lat' dir='ltr'>cavia]</span> <span class='ocrx_word' id='word_1_2' title='bbox 434 259 548 327; x_wconf 77' lang='lat' dir='ltr'>Gestis</span> <span class='ocrx_word' id='word_1_3' title='bbox 571 259 776 346; x_wconf 72' lang='lat' dir='ltr'>duplorum.</span> <span class='ocrx_word' id='word_1_4' title='bbox 1018 263 1081 326; x_wconf 85' lang='lat'>139</span> 
     </span>
    </p>
   </div>
   <div class='ocr_carea' id='block_1_2' title="bbox 39 435 1082 810">
    <p class='ocr_par' dir='ltr' id='par_1_2' title="bbox 39 435 1082 810">
     <span class='ocr_line' id='line_1_2' title="bbox 39 435 1081 514; baseline 0.003 -22"><span class='ocrx_word' id='word_1_5' title='bbox 39 442 82 492; x_wconf 58' lang='lat' dir='ltr'>ab&lt;</span> <span class='ocrx_word' id='word_1_6' title='bbox 131 453 227 493; x_wconf 87' lang='lat' dir='ltr'>unam</span> <span class='ocrx_word' id='word_1_7' title='bbox 253 437 328 494; x_wconf 89' lang='lat' dir='ltr'>sunt</span> <span class='ocrx_word' id='word_1_8' title='bbox 349 455 466 512; x_wconf 87' lang='lat' dir='ltr'>pacem,</span> <span class='ocrx_word' id='word_1_9' title='bbox 487 435 492 514; x_wconf 90' lang='grc' dir='ltr'>Ι</span> <span class='ocrx_word' id='word_1_10' title='bbox 510 439 541 496; x_wconf 90' lang='lat' dir='ltr'>et</span> <span class='ocrx_word' id='word_1_11' title='bbox 566 436 653 497; x_wconf 90' lang='lat' dir='ltr'>uelut</span> <span class='ocrx_word' id='word_1_12' title='bbox 678 457 778 496; x_wconf 91' lang='lat' dir='ltr'>unum</span> <span class='ocrx_word' id='word_1_13' title='bbox 804 435 1024 514; x_wconf 81' lang='lat' dir='ltr'>conpaginatae</span> <span class='ocrx_word' id='word_1_14' title='bbox 1047 435 1081 495; x_wconf 90' lang='lat' dir='ltr'>in</span> 
     </span>
     <span class='ocr_line' id='line_1_3' title="bbox 129 533 1082 612; baseline 0.002 -20"><span class='ocrx_word' id='word_1_15' title='bbox 129 533 292 610; x_wconf 91' lang='lat' dir='ltr'>populum.</span> <span class='ocrx_word' id='word_1_16' title='bbox 337 534 414 594; x_wconf 83' lang='lat' dir='ltr'>Erat</span> <span class='ocrx_word' id='word_1_17' title='bbox 427 538 533 595; x_wconf 87' lang='lat' dir='ltr'>autem</span> <span class='ocrx_word' id='word_1_18' title='bbox 548 555 645 612; x_wconf 90' lang='lat' dir='ltr'>nepos</span> <span class='ocrx_word' id='word_1_19' title='bbox 658 535 818 595; x_wconf 84' lang='lat' dir='ltr'>Aeduini¹</span> <span class='ocrx_word' id='word_1_20' title='bbox 833 536 914 611; x_wconf 72' lang='lat' dir='ltr'>regis</span> <span class='ocrx_word' id='word_1_21' title='bbox 927 555 965 594; x_wconf 84' lang='lat' dir='ltr'>ex</span> <span class='ocrx_word' id='word_1_22' title='bbox 979 554 1082 594; x_wconf 87' lang='lat' dir='ltr'>sorore</span> 
     </span>
     <span class='ocr_line' id='line_1_4' title="bbox 129 631 1080 711; baseline 0.003 -22"><span class='ocrx_word' id='word_1_23' title='bbox 129 631 228 706; x_wconf 72' lang='lat' dir='ltr'>Aetia,</span> <span class='ocrx_word' id='word_1_24' title='bbox 258 631 451 710; x_wconf 86' lang='lat' dir='ltr'>dignumque</span> <span class='ocrx_word' id='word_1_25' title='bbox 479 633 547 708; x_wconf 83' lang='lat' dir='ltr'>tuit,</span> <span class='ocrx_word' id='word_1_26' title='bbox 579 637 615 694; x_wconf 92' lang='lat' dir='ltr'>ut</span> <span class='ocrx_word' id='word_1_27' title='bbox 643 636 751 693; x_wconf 85' lang='lat' dir='ltr'>tantus</span> <span class='ocrx_word' id='word_1_28' title='bbox 782 653 958 711; x_wconf 87' lang='lat' dir='ltr'>praecessor</span> <span class='ocrx_word' id='word_1_29' title='bbox 984 633 1080 693; x_wconf 86' lang='lat' dir='ltr'>talem</span> 
     </span>
     <span class='ocr_line' id='line_1_5' title="bbox 130 717 1081 810; baseline 0.001 -20"><span class='ocrx_word' id='word_1_30' title='bbox 130 729 259 790; x_wconf 90' lang='lat' dir='ltr'>haberet</span> <span class='ocrx_word' id='word_1_31' title='bbox 278 731 316 791; x_wconf 92' lang='lat' dir='ltr'>de</span> <span class='ocrx_word' id='word_1_32' title='bbox 337 751 393 791; x_wconf 87' lang='lat' dir='ltr'>sua</span> <span class='ocrx_word' id='word_1_33' title='bbox 413 717 682 809; x_wconf 84' lang='lat' dir='ltr'>consanguinitate</span> <span class='ocrx_word' id='word_1_34' title='bbox 702 735 734 792; x_wconf 91' lang='lat' dir='ltr'>et</span> <span class='ocrx_word' id='word_1_35' title='bbox 754 731 916 810; x_wconf 82' lang='lat' dir='ltr'>religionis</span> <span class='ocrx_word' id='word_1_36' title='bbox 933 732 1081 792; x_wconf 89' lang='lat' dir='ltr'>heredem</span> 
     </span>
    </p>
   </div>
   <div class='ocr_carea' id='block_1_3' title="bbox 130 828 274 906">
    <p class='ocr_par' dir='ltr' id='par_1_3' title="bbox 130 828 274 906">
     <span class='ocr_line' id='line_1_6' title="bbox 130 828 274 906; baseline 0 -18"><span class='ocrx_word' id='word_1_37' title='bbox 130 833 162 888; x_wconf 92' lang='lat' dir='ltr'>et</span> <span class='ocrx_word' id='word_1_38' title='bbox 175 828 274 906; x_wconf 79' lang='lat' dir='ltr'>regni</span> 
     </span>
    </p>
   </div>
   <div class='ocr_carea' id='block_1_4' title="bbox 513 1030 697 1092">
    <p class='ocr_par' dir='ltr' id='par_1_4' title="bbox 513 1030 697 1092">
     <span class='ocr_line' id='line_1_7' title="bbox 513 1030 697 1092; baseline 0 0"><span class='ocrx_word' id='word_1_39' title='bbox 513 1030 604 1092; x_wconf 84' lang='lat' dir='ltr'><strong>OAP.</strong></span> <span class='ocrx_word' id='word_1_40' title='bbox 621 1030 697 1092; x_wconf 85' lang='lat' dir='ltr'>VIL</span> 
     </span>
    </p>
   </div>
   <div class='ocr_carea' id='block_1_5' title="bbox 134 1195 1082 1334">
    <p class='ocr_par' dir='ltr' id='par_1_5' title="bbox 134 1195 1082 1334">
     <span class='ocr_line' id='line_1_8' title="bbox 134 1195 1082 1256; baseline 0.004 -16"><span class='ocrx_word' id='word_1_41' title='bbox 134 1195 161 1240; x_wconf 84' lang='lat' dir='ltr'>Ut</span> <span class='ocrx_word' id='word_1_42' title='bbox 173 1198 303 1252; x_wconf 65' lang='lat' dir='ltr'>morcincto</span> <span class='ocrx_word' id='word_1_43' title='bbox 320 1198 499 1244; x_wconf 61' lang='lat' dir='ltr'>&amp;ademtam</span> <span class='ocrx_word' id='word_1_44' title='bbox 515 1199 636 1244; x_wconf 56' lang='lat' dir='ltr'>menam</span> <span class='ocrx_word' id='word_1_45' title='bbox 653 1199 752 1245; x_wconf 78' lang='lat' dir='ltr'>uerbum</span> <span class='ocrx_word' id='word_1_46' title='bbox 767 1199 817 1256; x_wconf 80' lang='lat' dir='ltr'>Dei,</span> <span class='ocrx_word' id='word_1_47' title='bbox 829 1201 978 1256; x_wconf 71' lang='lat' dir='ltr'>praedicam</span> <span class='ocrx_word' id='word_1_48' title='bbox 991 1200 1082 1252; x_wconf 81' lang='lat' dir='ltr'>Birino.</span> 
     </span>
     <span class='ocr_line' id='line_1_9' title="bbox 230 1277 981 1334; baseline 0.003 -14"><span class='ocrx_word' id='word_1_49' title='bbox 230 1277 369 1332; x_wconf 57' lang='lat' dir='ltr'>manceps-rim</span> <span class='ocrx_word' id='word_1_50' title='bbox 386 1279 406 1321; x_wconf 86' lang='lat' dir='ltr'>at</span> <span class='ocrx_word' id='word_1_51' title='bbox 416 1277 443 1322; x_wconf 83' lang='lat' dir='ltr'>dc</span> <span class='ocrx_word' id='word_1_52' title='bbox 453 1278 618 1323; x_wconf 75' lang='lat' dir='ltr'>successoribus</span> <span class='ocrx_word' id='word_1_53' title='bbox 628 1278 678 1322; x_wconf 80' lang='lat' dir='ltr'>eius</span> <span class='ocrx_word' id='word_1_54' title='bbox 688 1277 815 1334; x_wconf 65' lang='lat' dir='ltr'>desiderato</span> <span class='ocrx_word' id='word_1_55' title='bbox 825 1279 846 1322; x_wconf 83' lang='lat' dir='ltr'>et</span> <span class='ocrx_word' id='word_1_56' title='bbox 855 1277 981 1323; x_wconf 71' lang='lat' dir='ltr'>territerio.</span> 
     </span>
    </p>
   </div>
   <div class='ocr_carea' id='block_1_6' title="bbox 124 1405 1258 3659">
    <p class='ocr_par' dir='ltr' id='par_1_6' title="bbox 129 1405 1255 2671">
     <span class='ocr_line' id='line_1_10' title="bbox 171 1405 1249 1486; baseline -0.002 -21"><span class='ocrx_word' id='word_1_57' title='bbox 171 1405 220 1466; x_wconf 83' lang='lat' dir='ltr'>Eo</span> <span class='ocrx_word' id='word_1_58' title='bbox 235 1409 374 1484; x_wconf 89' lang='lat' dir='ltr'>tempore</span> <span class='ocrx_word' id='word_1_59' title='bbox 391 1427 470 1485; x_wconf 81' lang='lat' dir='ltr'>gens</span> <span class='ocrx_word' id='word_1_60' title='bbox 485 1407 730 1470; x_wconf 82' lang='lat' dir='ltr'>occidentalium</span> <span class='ocrx_word' id='word_1_61' title='bbox 750 1409 918 1484; x_wconf 74' lang='lat' dir='ltr'>Saxonum,</span> <span class='ocrx_word' id='word_1_62' title='bbox 936 1410 990 1486; x_wconf 93' lang='lat' dir='ltr'>qui</span> <span class='ocrx_word' id='word_1_63' title='bbox 1006 1409 1083 1470; x_wconf 89' lang='lat' dir='ltr'>anti·</span> <span class='ocrx_word' id='word_1_64' title='bbox 1099 1417 1249 1463; x_wconf 75' lang='lat' dir='ltr'>conversiva</span> 
     </span>
     <span class='ocr_line' id='line_1_11' title="bbox 131 1476 1255 1590; baseline 0.002 -26"><span class='ocrx_word' id='word_1_65' title='bbox 131 1504 238 1581; x_wconf 81' lang='lat' dir='ltr'>quitus</span> <span class='ocrx_word' id='word_1_66' title='bbox 253 1505 399 1566; x_wconf 83' lang='lat' dir='ltr'>Geuissae</span> <span class='ocrx_word' id='word_1_67' title='bbox 412 1506 602 1568; x_wconf 88' lang='lat' dir='ltr'>uocabantur</span> <span class='ocrx_word' id='word_1_68' title='bbox 609 1505 628 1583; x_wconf 81' lang='lat'>²,</span> <span class='ocrx_word' id='word_1_69' title='bbox 640 1511 789 1584; x_wconf 83' lang='lat' dir='ltr'>regnante</span> <span class='ocrx_word' id='word_1_70' title='bbox 799 1507 977 1586; x_wconf 77' lang='lat' dir='ltr'>cynigilso³</span> <span class='ocrx_word' id='word_1_71' title='bbox 987 1507 1082 1568; x_wconf 89' lang='lat' dir='ltr'>fidem</span> <span class='ocrx_word' id='word_1_72' title='bbox 1098 1476 1255 1590; x_wconf 44' lang='lat' dir='ltr'>fflsswff</span> 
     </span>
     <span class='ocr_line' id='line_1_12' title="bbox 131 1596 1208 1683; baseline 0.003 -21"><span class='ocrx_word' id='word_1_73' title='bbox 131 1601 250 1664; x_wconf 85' lang='lat' dir='ltr'>Christi</span> <span class='ocrx_word' id='word_1_74' title='bbox 269 1606 412 1682; x_wconf 80' lang='lat' dir='ltr'>suscepit,</span> <span class='ocrx_word' id='word_1_75' title='bbox 430 1605 624 1683; x_wconf 74' lang='lat' dir='ltr'>praedicante</span> <span class='ocrx_word' id='word_1_76' title='bbox 644 1606 708 1666; x_wconf 88' lang='lat' dir='ltr'>illis</span> <span class='ocrx_word' id='word_1_77' title='bbox 728 1606 862 1666; x_wconf 91' lang='lat' dir='ltr'>uerbum</span> <span class='ocrx_word' id='word_1_78' title='bbox 878 1596 1208 1682; x_wconf 68' lang='lat' dir='ltr'>Birin0⁴0ps1³ffl¹¹¹¹²</span> 
     </span>
     <span class='ocr_line' id='line_1_13' title="bbox 130 1702 1079 1781; baseline 0.004 -20"><span class='ocrx_word' id='word_1_79' title='bbox 130 1702 1079 1781; x_wconf 86' lang='lat' dir='ltr'>scopo,quicumconsiliopapaeHonoriiueneratBrittaniam‚</span> 
     </span>
     <span class='ocr_line' id='line_1_14' title="bbox 130 1800 1084 1881; baseline 0.006 -23"><span class='ocrx_word' id='word_1_80' title='bbox 130 1800 321 1878; x_wconf 88' lang='lat' dir='ltr'>promittens</span> <span class='ocrx_word' id='word_1_81' title='bbox 342 1801 468 1879; x_wconf 92' lang='lat' dir='ltr'>quidem</span> <span class='ocrx_word' id='word_1_82' title='bbox 487 1823 521 1863; x_wconf 92' lang='lat' dir='ltr'>se</span> <span class='ocrx_word' id='word_1_83' title='bbox 541 1802 599 1862; x_wconf 91' lang='lat' dir='ltr'>illo</span> <span class='ocrx_word' id='word_1_84' title='bbox 619 1806 781 1881; x_wconf 88' lang='lat' dir='ltr'>praesente</span> <span class='ocrx_word' id='word_1_85' title='bbox 801 1804 836 1863; x_wconf 91' lang='lat' dir='ltr'>in</span> <span class='ocrx_word' id='word_1_86' title='bbox 856 1803 979 1864; x_wconf 84' lang='lat' dir='ltr'>intimis</span> <span class='ocrx_word' id='word_1_87' title='bbox 999 1804 1084 1864; x_wconf 89' lang='lat' dir='ltr'>ultra</span> 
     </span>
     <span class='ocr_line' id='line_1_15' title="bbox 130 1899 1080 1979; baseline 0.005 -22"><span class='ocrx_word' id='word_1_88' title='bbox 130 1899 311 1977; x_wconf 85' lang='lat' dir='ltr'>Anglorum</span> <span class='ocrx_word' id='word_1_89' title='bbox 334 1900 482 1978; x_wconf 87' lang='lat' dir='ltr'>partibus,</span> <span class='ocrx_word' id='word_1_90' title='bbox 508 1921 570 1979; x_wconf 92' lang='lat' dir='ltr'>quo</span> <span class='ocrx_word' id='word_1_91' title='bbox 594 1901 703 1962; x_wconf 90' lang='lat' dir='ltr'>nullus</span> <span class='ocrx_word' id='word_1_92' title='bbox 727 1902 834 1962; x_wconf 88' lang='lat' dir='ltr'>doctor</span> <span class='ocrx_word' id='word_1_93' title='bbox 856 1903 1080 1979; x_wconf 75' lang='lat' dir='ltr'>praecessisset,</span> 
     </span>
     <span class='ocr_line' id='line_1_16' title="bbox 131 1997 1082 2077; baseline 0.004 -20"><span class='ocrx_word' id='word_1_94' title='bbox 131 2001 257 2058; x_wconf 60' lang='lat' dir='ltr'>unctae</span> <span class='ocrx_word' id='word_1_95' title='bbox 278 1997 350 2058; x_wconf 91' lang='lat' dir='ltr'>fidei</span> <span class='ocrx_word' id='word_1_96' title='bbox 370 1999 491 2060; x_wconf 81' lang='lat' dir='ltr'>semine</span> <span class='ocrx_word' id='word_1_97' title='bbox 510 2019 577 2061; x_wconf 87' lang='lat' dir='ltr'>esse</span> <span class='ocrx_word' id='word_1_98' title='bbox 597 2019 785 2077; x_wconf 75' lang='lat' dir='ltr'>sparsurum</span> <span class='ocrx_word' id='word_1_99' title='bbox 830 2000 924 2061; x_wconf 91' lang='lat' dir='ltr'>Unde</span> <span class='ocrx_word' id='word_1_100' title='bbox 944 2004 976 2060; x_wconf 91' lang='lat' dir='ltr'>et</span> <span class='ocrx_word' id='word_1_101' title='bbox 996 2001 1082 2062; x_wconf 86' lang='lat' dir='ltr'>iussu</span> 
     </span>
     <span class='ocr_line' id='line_1_17' title="bbox 131 2096 1082 2176; baseline 0.004 -22"><span class='ocrx_word' id='word_1_102' title='bbox 131 2096 273 2156; x_wconf 87' lang='lat' dir='ltr'>eiusdem</span> <span class='ocrx_word' id='word_1_103' title='bbox 286 2097 442 2174; x_wconf 89' lang='lat' dir='ltr'>pontificis</span> <span class='ocrx_word' id='word_1_104' title='bbox 455 2118 510 2176; x_wconf 89' lang='lat' dir='ltr'>per</span> <span class='ocrx_word' id='word_1_105' title='bbox 519 2099 681 2160; x_wconf 82' lang='lat' dir='ltr'>Asterium</span> <span class='ocrx_word' id='word_1_106' title='bbox 693 2099 893 2160; x_wconf 86' lang='lat' dir='ltr'>Genuensem</span> <span class='ocrx_word' id='word_1_107' title='bbox 903 2099 1082 2176; x_wconf 87' lang='lat' dir='ltr'>episcopum</span> 
     </span>
     <span class='ocr_line' id='line_1_18' title="bbox 131 2194 1082 2275; baseline 0.004 -21"><span class='ocrx_word' id='word_1_108' title='bbox 131 2194 165 2254; x_wconf 92' lang='lat' dir='ltr'>in</span> <span class='ocrx_word' id='word_1_109' title='bbox 176 2195 370 2272; x_wconf 85' lang='lat' dir='ltr'>episcopatus</span> <span class='ocrx_word' id='word_1_110' title='bbox 380 2199 574 2258; x_wconf 89' lang='lat' dir='ltr'>consecratus</span> <span class='ocrx_word' id='word_1_111' title='bbox 588 2199 785 2275; x_wconf 71' lang='lat' dir='ltr'>estgradum,</span> <span class='ocrx_word' id='word_1_112' title='bbox 823 2197 1082 2259; x_wconf 86' lang='lat' dir='ltr'>SedBrittaniam</span> 
     </span>
     <span class='ocr_line' id='line_1_19' title="bbox 130 2295 1080 2374; baseline 0.002 -21"><span class='ocrx_word' id='word_1_113' title='bbox 130 2295 324 2372; x_wconf 88' lang='lat' dir='ltr'>perueniens,</span> <span class='ocrx_word' id='word_1_114' title='bbox 337 2315 372 2356; x_wconf 85' lang='lat' dir='ltr'>ae</span> <span class='ocrx_word' id='word_1_115' title='bbox 384 2296 522 2373; x_wconf 85' lang='lat' dir='ltr'>primum</span> <span class='ocrx_word' id='word_1_116' title='bbox 538 2297 740 2357; x_wconf 83' lang='lat' dir='ltr'>Geuissorum</span> <span class='ocrx_word' id='word_1_117' title='bbox 753 2300 880 2374; x_wconf 81' lang='lat' dir='ltr'>gentem</span> <span class='ocrx_word' id='word_1_118' title='bbox 893 2296 1080 2374; x_wconf 78' lang='lat' dir='ltr'>ingrediens,</span> 
     </span>
     <span class='ocr_line' id='line_1_20' title="bbox 130 2394 1084 2473; baseline 0.002 -20"><span class='ocrx_word' id='word_1_119' title='bbox 130 2413 204 2453; x_wconf 89' lang='lat' dir='ltr'>cum</span> <span class='ocrx_word' id='word_1_120' title='bbox 218 2413 328 2454; x_wconf 88' lang='lat' dir='ltr'>omnes</span> <span class='ocrx_word' id='word_1_121' title='bbox 342 2394 459 2454; x_wconf 89' lang='lat' dir='ltr'>ibidem</span> <span class='ocrx_word' id='word_1_122' title='bbox 473 2395 697 2473; x_wconf 74' lang='lat' dir='ltr'>paganissimos</span> <span class='ocrx_word' id='word_1_123' title='bbox 712 2394 876 2470; x_wconf 87' lang='lat' dir='ltr'>inueniret,</span> <span class='ocrx_word' id='word_1_124' title='bbox 893 2395 1004 2456; x_wconf 91' lang='lat' dir='ltr'>utilius</span> <span class='ocrx_word' id='word_1_125' title='bbox 1017 2415 1084 2455; x_wconf 87' lang='lat' dir='ltr'>esse</span> 
     </span>
     <span class='ocr_line' id='line_1_21' title="bbox 130 2493 1085 2572; baseline 0.003 -20"><span class='ocrx_word' id='word_1_126' title='bbox 130 2495 218 2552; x_wconf 88' lang='lat' dir='ltr'>ratus</span> <span class='ocrx_word' id='word_1_127' title='bbox 241 2495 290 2552; x_wconf 88' lang='lat' dir='ltr'>est</span> <span class='ocrx_word' id='word_1_128' title='bbox 317 2493 361 2552; x_wconf 90' lang='lat' dir='ltr'>ibi</span> <span class='ocrx_word' id='word_1_129' title='bbox 388 2494 493 2570; x_wconf 89' lang='lat' dir='ltr'>potius</span> <span class='ocrx_word' id='word_1_130' title='bbox 520 2493 651 2554; x_wconf 90' lang='lat' dir='ltr'>uerbum</span> <span class='ocrx_word' id='word_1_131' title='bbox 676 2494 857 2571; x_wconf 85' lang='lat' dir='ltr'>praedicare,</span> <span class='ocrx_word' id='word_1_132' title='bbox 883 2513 977 2572; x_wconf 91' lang='lat' dir='ltr'>quam</span> <span class='ocrx_word' id='word_1_133' title='bbox 1002 2494 1085 2556; x_wconf 88' lang='lat' dir='ltr'>ultra</span> 
     </span>
     <span class='ocr_line' id='line_1_22' title="bbox 129 2591 1046 2671; baseline 0.003 -21"><span class='ocrx_word' id='word_1_134' title='bbox 129 2591 333 2668; x_wconf 78' lang='lat' dir='ltr'>progrediens</span> <span class='ocrx_word' id='word_1_135' title='bbox 347 2611 406 2668; x_wconf 88' lang='lat' dir='ltr'>eos,</span> <span class='ocrx_word' id='word_1_136' title='bbox 419 2591 532 2668; x_wconf 88' lang='lat' dir='ltr'>quibus</span> <span class='ocrx_word' id='word_1_137' title='bbox 545 2592 718 2669; x_wconf 85' lang='lat' dir='ltr'>praedicare</span> <span class='ocrx_word' id='word_1_138' title='bbox 731 2592 865 2661; x_wconf 79' lang='lat' dir='ltr'>deberet,</span> <span class='ocrx_word' id='word_1_139' title='bbox 882 2593 1046 2671; x_wconf 75' lang='lat' dir='ltr'>inquirere</span> 
     </span>
    </p>

    <p class='ocr_par' dir='ltr' id='par_1_7' title="bbox 124 2690 1258 3659">
     <span class='ocr_line' id='line_1_23' title="bbox 173 2690 1251 2777; baseline 0 -27"><span class='ocrx_word' id='word_1_140' title='bbox 173 2690 285 2768; x_wconf 79' lang='lat' dir='ltr'>Itaque</span> <span class='ocrx_word' id='word_1_141' title='bbox 303 2691 534 2768; x_wconf 80' lang='lat' dir='ltr'>euangelizante</span> <span class='ocrx_word' id='word_1_142' title='bbox 553 2691 607 2750; x_wconf 83' lang='lat' dir='ltr'>ilio</span> <span class='ocrx_word' id='word_1_143' title='bbox 627 2693 661 2751; x_wconf 94' lang='lat' dir='ltr'>in</span> <span class='ocrx_word' id='word_1_144' title='bbox 675 2692 811 2769; x_wconf 83' lang='lat' dir='ltr'>praefata</span> <span class='ocrx_word' id='word_1_145' title='bbox 827 2692 994 2769; x_wconf 86' lang='lat' dir='ltr'>prouincia,</span> <span class='ocrx_word' id='word_1_146' title='bbox 1011 2712 1083 2752; x_wconf 90' lang='lat' dir='ltr'>cum</span> <span class='ocrx_word' id='word_1_147' title='bbox 1101 2708 1251 2777; x_wconf 63' lang='lat' dir='ltr'>septumo</span> 
     </span>
     <span class='ocr_line' id='line_1_24' title="bbox 128 2767 1222 2868; baseline 0.001 -19"><span class='ocrx_word' id='word_1_148' title='bbox 128 2809 185 2849; x_wconf 87' lang='lat' dir='ltr'>rex</span> <span class='ocrx_word' id='word_1_149' title='bbox 209 2789 276 2866; x_wconf 88' lang='lat' dir='ltr'>ipse</span> <span class='ocrx_word' id='word_1_150' title='bbox 301 2789 513 2865; x_wconf 88' lang='lat' dir='ltr'>catheeizatus,</span> <span class='ocrx_word' id='word_1_151' title='bbox 537 2790 624 2850; x_wconf 83' lang='lat' dir='ltr'>fonte</span> <span class='ocrx_word' id='word_1_152' title='bbox 646 2790 794 2868; x_wconf 87' lang='lat' dir='ltr'>baptismi</span> <span class='ocrx_word' id='word_1_153' title='bbox 819 2811 891 2852; x_wconf 87' lang='lat' dir='ltr'>cum</span> <span class='ocrx_word' id='word_1_154' title='bbox 913 2795 1084 2868; x_wconf 74' lang='lat' dir='ltr'>surgente</span> <span class='ocrx_word' id='word_1_155' title='bbox 1101 2767 1222 2824; x_wconf 47' lang='grc' dir='ltr'>ΜΨ*</span> 
     </span>
     <span class='ocr_line' id='line_1_25' title="bbox 127 2887 1083 2966; baseline 0 -18"><span class='ocrx_word' id='word_1_156' title='bbox 127 2887 318 2962; x_wconf 88' lang='lat' dir='ltr'>ablueretur,</span> <span class='ocrx_word' id='word_1_157' title='bbox 349 2889 479 2966; x_wconf 81' lang='lat' dir='ltr'>contigit</span> <span class='ocrx_word' id='word_1_158' title='bbox 506 2891 582 2950; x_wconf 91' lang='lat' dir='ltr'>tune</span> <span class='ocrx_word' id='word_1_159' title='bbox 609 2889 761 2966; x_wconf 89' lang='lat' dir='ltr'>temporis</span> <span class='ocrx_word' id='word_1_160' title='bbox 787 2889 1020 2950; x_wconf 85' lang='lat' dir='ltr'>sanctissimum</span> <span class='ocrx_word' id='word_1_161' title='bbox 1047 2909 1083 2949; x_wconf 88' lang='lat' dir='ltr'>ae</span> 
     </span>
     <span class='ocr_line' id='line_1_26' title="bbox 127 2986 1084 3066; baseline 0.002 -20"><span class='ocrx_word' id='word_1_162' title='bbox 127 2986 423 3048; x_wconf 88' lang='lat' dir='ltr'>uictoriosissimum</span> <span class='ocrx_word' id='word_1_163' title='bbox 434 3007 538 3066; x_wconf 82' lang='lat' dir='ltr'>regem</span> <span class='ocrx_word' id='word_1_164' title='bbox 548 2987 882 3066; x_wconf 86' lang='lat' dir='ltr'>Nordanhymbrorum</span> <span class='ocrx_word' id='word_1_165' title='bbox 891 2988 1084 3048; x_wconf 80' lang='lat' dir='ltr'>Osualdum⁸</span> 
     </span>
     <span class='ocr_line' id='line_1_27' title="bbox 126 3085 1084 3174; baseline 0 -28"><span class='ocrx_word' id='word_1_166' title='bbox 126 3085 428 3174; x_wconf 29' lang='lat' dir='ltr'>adtrrisseueumque</span> <span class='ocrx_word' id='word_1_167' title='bbox 446 3086 485 3146; x_wconf 97' lang='lat' dir='ltr'>de</span> <span class='ocrx_word' id='word_1_168' title='bbox 505 3085 627 3146; x_wconf 87' lang='lat' dir='ltr'>lauacro</span> <span class='ocrx_word' id='word_1_169' title='bbox 646 3090 812 3146; x_wconf 84' lang='lat' dir='ltr'>exeuntem</span> <span class='ocrx_word' id='word_1_170' title='bbox 833 3085 1011 3164; x_wconf 83' lang='lat' dir='ltr'>suscepisse,</span> <span class='ocrx_word' id='word_1_171' title='bbox 1029 3087 1084 3146; x_wconf 73' lang='lat' dir='ltr'>ae‘</span> 
     </span>
     <span class='ocr_line' id='line_1_28' title="bbox 125 3183 1084 3263; baseline 0.001 -19"><span class='ocrx_word' id='word_1_172' title='bbox 125 3184 341 3263; x_wconf 88' lang='lat' dir='ltr'>pulcherrimo</span> <span class='ocrx_word' id='word_1_173' title='bbox 360 3204 486 3262; x_wconf 79' lang='lat' dir='ltr'>prorsus</span> <span class='ocrx_word' id='word_1_174' title='bbox 500 3187 531 3244; x_wconf 93' lang='lat' dir='ltr'>et</span> <span class='ocrx_word' id='word_1_175' title='bbox 546 3183 612 3244; x_wconf 92' lang='lat' dir='ltr'>Deo</span> <span class='ocrx_word' id='word_1_176' title='bbox 626 3184 722 3262; x_wconf 82' lang='lat' dir='ltr'>digno</span> <span class='ocrx_word' id='word_1_177' title='bbox 737 3184 899 3258; x_wconf 87' lang='lat' dir='ltr'>consortio,</span> <span class='ocrx_word' id='word_1_178' title='bbox 916 3184 1004 3244; x_wconf 88' lang='lat' dir='ltr'>cuius</span> <span class='ocrx_word' id='word_1_179' title='bbox 1017 3189 1084 3245; x_wconf 88' lang='lat' dir='ltr'>erat</span> 
     </span>
     <span class='ocr_line' id='line_1_29' title="bbox 125 3283 1085 3361; baseline 0.001 -18"><span class='ocrx_word' id='word_1_180' title='bbox 125 3283 231 3344; x_wconf 88' lang='lat' dir='ltr'>filiam</span> <span class='ocrx_word' id='word_1_181' title='bbox 255 3285 437 3361; x_wconf 87' lang='lat' dir='ltr'>accepturus</span> <span class='ocrx_word' id='word_1_182' title='bbox 459 3283 493 3343; x_wconf 93' lang='lat' dir='ltr'>in</span> <span class='ocrx_word' id='word_1_183' title='bbox 515 3283 687 3360; x_wconf 83' lang='lat' dir='ltr'>coniugem,</span> <span class='ocrx_word' id='word_1_184' title='bbox 714 3283 819 3360; x_wconf 85' lang='lat' dir='ltr'>ipsum</span> <span class='ocrx_word' id='word_1_185' title='bbox 840 3283 927 3361; x_wconf 89' lang='lat' dir='ltr'>prius</span> <span class='ocrx_word' id='word_1_186' title='bbox 951 3284 1085 3345; x_wconf 88' lang='lat' dir='ltr'>secunda</span> 
     </span>
     <span class='ocr_line' id='line_1_30' title="bbox 124 3381 1084 3461; baseline 0 -19"><span class='ocrx_word' id='word_1_187' title='bbox 124 3381 330 3461; x_wconf 82' lang='lat' dir='ltr'>generatione</span> <span class='ocrx_word' id='word_1_188' title='bbox 344 3381 410 3442; x_wconf 90' lang='lat' dir='ltr'>Deo</span> <span class='ocrx_word' id='word_1_189' title='bbox 424 3382 599 3442; x_wconf 86' lang='lat' dir='ltr'>dedicatum</span> <span class='ocrx_word' id='word_1_190' title='bbox 618 3382 678 3442; x_wconf 89' lang='lat' dir='ltr'>sibi</span> <span class='ocrx_word' id='word_1_191' title='bbox 691 3382 808 3459; x_wconf 85' lang='lat' dir='ltr'>aceepit</span> <span class='ocrx_word' id='word_1_192' title='bbox 821 3382 855 3442; x_wconf 93' lang='lat' dir='ltr'>in</span> <span class='ocrx_word' id='word_1_193' title='bbox 869 3382 980 3443; x_wconf 89' lang='lat' dir='ltr'>tilium.</span> <span class='ocrx_word' id='word_1_194' title='bbox 1025 3383 1084 3442; x_wconf 88' lang='lat' dir='ltr'>Do·</span> 
     </span>
     <span class='ocr_line' id='line_1_31' title="bbox 124 3481 1081 3559; baseline -0.001 -16"><span class='ocrx_word' id='word_1_195' title='bbox 124 3483 289 3543; x_wconf 80' lang='lat' dir='ltr'>nauerunt</span> <span class='ocrx_word' id='word_1_196' title='bbox 302 3483 408 3542; x_wconf 88' lang='lat' dir='ltr'>autem</span> <span class='ocrx_word' id='word_1_197' title='bbox 421 3482 514 3542; x_wconf 86' lang='lat' dir='ltr'>ambo</span> <span class='ocrx_word' id='word_1_198' title='bbox 532 3501 619 3559; x_wconf 80' lang='lat' dir='ltr'>reges</span> <span class='ocrx_word' id='word_1_199' title='bbox 633 3481 734 3542; x_wconf 89' lang='lat' dir='ltr'>eidem</span> <span class='ocrx_word' id='word_1_200' title='bbox 752 3482 895 3558; x_wconf 87' lang='lat' dir='ltr'>episcopo</span> <span class='ocrx_word' id='word_1_201' title='bbox 911 3481 1081 3556; x_wconf 76' lang='lat' dir='ltr'>ciuitatem,</span> 
     </span>
     <span class='ocr_line' id='line_1_32' title="bbox 124 3579 1258 3659; baseline -0.005 -19"><span class='ocrx_word' id='word_1_202' title='bbox 124 3601 211 3659; x_wconf 88' lang='lat' dir='ltr'>quae</span> <span class='ocrx_word' id='word_1_203' title='bbox 227 3583 355 3641; x_wconf 86' lang='lat' dir='ltr'>uocatur</span> <span class='ocrx_word' id='word_1_204' title='bbox 367 3579 485 3655; x_wconf 86' lang='lat' dir='ltr'>Doreic,</span> <span class='ocrx_word' id='word_1_205' title='bbox 503 3582 541 3641; x_wconf 88' lang='lat' dir='ltr'>ad</span> <span class='ocrx_word' id='word_1_206' title='bbox 561 3580 740 3641; x_wconf 83' lang='lat' dir='ltr'>faciendum</span> <span class='ocrx_word' id='word_1_207' title='bbox 758 3579 839 3639; x_wconf 88' lang='lat' dir='ltr'>inibi</span> <span class='ocrx_word' id='word_1_208' title='bbox 852 3580 959 3640; x_wconf 89' lang='lat' dir='ltr'>sedem</span> <span class='ocrx_word' id='word_1_209' title='bbox 973 3580 1085 3657; x_wconf 80' lang='lat' dir='ltr'>episeo</span> <span class='ocrx_word' id='word_1_210' title='bbox 1101 3591 1258 3636; x_wconf 64' lang='lat' dir='ltr'>wmsuon</span> 
     </span>
    </p>
   </div>
   <div class='ocr_carea' id='block_1_7' title="bbox 122 3651 1258 3759">
    <p class='ocr_par' dir='ltr' id='par_1_8' title="bbox 122 3651 1258 3759">
     <span class='ocr_line' id='line_1_33' title="bbox 122 3651 1258 3759; baseline 0 -20"><span class='ocrx_word' id='word_1_211' title='bbox 122 3679 255 3759; x_wconf 77' lang='lat' dir='ltr'>pelem3</span> <span class='ocrx_word' id='word_1_212' title='bbox 278 3677 332 3739; x_wconf 92' lang='lat' dir='ltr'>ubi</span> <span class='ocrx_word' id='word_1_213' title='bbox 352 3677 442 3738; x_wconf 85' lang='lat' dir='ltr'>factis</span> <span class='ocrx_word' id='word_1_214' title='bbox 463 3677 673 3756; x_wconf 86' lang='lat' dir='ltr'>dedicatisque</span> <span class='ocrx_word' id='word_1_215' title='bbox 691 3677 835 3754; x_wconf 76' lang='lat' dir='ltr'>ecelesiis,</span> <span class='ocrx_word' id='word_1_216' title='bbox 851 3679 1023 3756; x_wconf 90' lang='lat' dir='ltr'>multisque</span> <span class='ocrx_word' id='word_1_217' title='bbox 1044 3678 1083 3739; x_wconf 85' lang='lat' dir='ltr'>nd</span> <span class='ocrx_word' id='word_1_218' title='bbox 1102 3651 1258 3756; x_wconf 54' lang='lat' dir='ltr'>ffiffim</span> 
     </span>
    </p>
   </div>
   <div class='ocr_carea' id='block_1_8' title="bbox 117 3823 1083 3956">
    <p class='ocr_par' dir='ltr' id='par_1_9' title="bbox 117 3823 1083 3956">
     <span class='ocr_line' id='line_1_34' title="bbox 162 3823 1083 3888; baseline 0.002 -12"><span class='ocrx_word' id='word_1_219' title='bbox 162 3826 285 3876; x_wconf 82' lang='lat' dir='ltr'>&#39;eduini</span> <span class='ocrx_word' id='word_1_220' title='bbox 297 3827 328 3876; x_wconf 87' lang='lat' dir='ltr'>B.</span> <span class='ocrx_word' id='word_1_221' title='bbox 343 3825 385 3887; x_wconf 85' lang='lat' dir='ltr'>N;</span> <span class='ocrx_word' id='word_1_222' title='bbox 402 3826 516 3876; x_wconf 87' lang='lat' dir='ltr'>eduuini</span> <span class='ocrx_word' id='word_1_223' title='bbox 528 3827 556 3876; x_wconf 83' lang='lat'>0.</span> <span class='ocrx_word' id='word_1_224' title='bbox 600 3825 806 3876; x_wconf 69' lang='lat' dir='ltr'>&#39;uocanturit</span> <span class='ocrx_word' id='word_1_225' title='bbox 852 3823 960 3888; x_wconf 78' lang='lat' dir='ltr'>¹·gialo</span> <span class='ocrx_word' id='word_1_226' title='bbox 971 3828 1000 3877; x_wconf 81' lang='lat' dir='ltr'>G.</span> <span class='ocrx_word' id='word_1_227' title='bbox 1011 3826 1042 3875; x_wconf 89' lang='grc' dir='ltr'>Β.</span> <span class='ocrx_word' id='word_1_228' title='bbox 1051 3826 1083 3878; x_wconf 83' lang='lat' dir='ltr'>N.</span> 
     </span>
     <span class='ocr_line' id='line_1_35' title="bbox 117 3903 936 3956; baseline 0.002 -2"><span class='ocrx_word' id='word_1_229' title='bbox 117 3904 295 3955; x_wconf 67' lang='lat' dir='ltr'>*berinoit</span> <span class='ocrx_word' id='word_1_230' title='bbox 402 3905 588 3954; x_wconf 69' lang='lat' dir='ltr'>⁵osuualdum</span> <span class='ocrx_word' id='word_1_231' title='bbox 601 3905 629 3955; x_wconf 86' lang='lat'>0.</span> <span class='ocrx_word' id='word_1_232' title='bbox 735 3903 936 3956; x_wconf 79' lang='lat' dir='ltr'>‘acsieG.B¹.</span> 
     </span>
    </p>
   </div>
   <div class='ocr_carea' id='block_1_9' title="bbox 0 0 1434 4334">
    <p class='ocr_par' dir='ltr' id='par_1_10' title="bbox 0 0 1434 4334">
     <span class='ocr_line' id='line_1_36' title="bbox 0 0 1434 4334; baseline 0 4"><span class='ocrx_word' id='word_1_233' title='bbox 0 0 1434 4334; x_wconf 95' lang='lat' dir='ltr'> </span> 
     </span>
    </p>
   </div>
  </div>
 </body>
</html>
