2859 4334
134 281 250 348 cmm]
437 273 552 340 Gentis
573 273 778 360 duplorum.
1019 277 1083 340 283

134 449 273 508 sulatum
297 449 455 526 suscepit;
476 450 515 511 de
542 469 604 525 quo
625 449 714 526 plura
738 448 894 510 uirtutum
922 449 1080 524 miracula,

133 546 187 623 qui
199 566 271 607 eum
284 547 480 609 familiariter
490 551 654 624 nonerunt,
667 549 767 608 dicere
780 547 891 622 solent,
904 553 935 608 et
946 549 1083 610 maxime

133 645 182 704 uir
209 647 482 707 reuerentissimus
505 667 539 708 ac
560 646 778 707 ueracissimus
803 647 965 707 Berothun
977 647 995 722 ¹,
1022 647 1082 708 dia·

131 763 230 804 conus
249 746 407 821 quondam
428 745 503 820 eius,
523 766 608 806 nunc
629 749 735 806 autem
755 744 849 805 abbas
869 746 1051 806 monasterii
1060 745 1080 820 ¹,

131 843 214 919 quod
228 847 358 905 uocatur
372 845 597 920 Inderauuda⁸‚
615 845 647 905 id
662 848 711 906 est
725 844 766 905 In
780 843 861 904 silua
871 846 1046 919 Derorum;
1066 866 1083 905 e

131 941 245 1019 quibus
255 943 360 1020 aliqua
373 943 542 1004 memoriae
555 944 675 1004 tradere
688 944 888 1004 commodum
904 943 1060 1003 duximus.

173 1041 230 1101 ast
245 1044 366 1103 mansio
381 1044 530 1120 quaedam
547 1043 701 1108 secretior.
719 1061 847 1102 nemore
866 1062 935 1102 raro
949 1045 981 1102 et
999 1042 1083 1102 uallo

131 1141 329 1216 circumdata,
361 1162 425 1203 non
454 1142 547 1219 longe
575 1143 615 1202 ab
648 1140 914 1220 Hagustaldensi⁴
943 1140 1078 1216 ecclesia,

132 1239 162 1300 id
178 1243 225 1300 est
240 1241 334 1300 unius
344 1241 444 1301 ferme
453 1241 581 1301 miliarii
591 1244 624 1301 et
634 1241 758 1301 dimidii
769 1241 870 1318 spatio
881 1239 1083 1300 interfluente

130 1337 212 1398 Tino
240 1359 333 1399 amne
363 1339 533 1417 separate⁶,
564 1339 684 1400 habens
713 1339 954 1418 clymeterium‘
981 1338 1080 1399 sancti

130 1436 317 1497 Michahelis
329 1438 513 1516 archangeli,
527 1438 561 1497 in
576 1458 637 1515 qua
645 1437 696 1499 uir
709 1438 768 1498 Dei
783 1437 915 1515 saepius,
927 1433 985 1497 ubi
996 1458 1083 1515 opor·

130 1537 250 1597 tunitas
257 1536 418 1597 adridebat
425 1537 585 1614 temporis,
598 1540 630 1598 et
638 1537 775 1598 maxime
783 1537 816 1596 in
826 1535 1079 1614 quadragesima⁷,

130 1655 257 1694 manere
267 1655 339 1694 cum
349 1636 463 1714 paucis,
474 1640 568 1713 atque
576 1636 767 1696 orationibus
775 1655 810 1694 ac
820 1636 947 1695 lectioni
958 1635 1083 1712 quietus

129 1753 255 1812 operam
270 1734 341 1794 dare
358 1738 565 1796 consueuerat
610 1735 753 1812 Cumque
773 1737 915 1812 tempore
936 1734 1079 1811 quodam,

129 1831 301 1908 incipiente
322 1833 565 1910 quadragesima,
582 1832 698 1893 ibidem
720 1852 889 1893 mansurus
908 1832 1078 1907 adueniret,

128 1930 221 1991 iussit
249 1931 315 1991 suis
340 1951 485 2009 quaerere
509 1950 675 2009 pauperem
698 1931 835 2008 aliquem
858 1932 974 1992 maiore
998 1931 1082 1991 infir·

128 2029 240 2089 mitate
261 2030 311 2090 uel
333 2029 438 2108 inopia
455 2033 628 2108 grauatum,
646 2050 741 2108 quem
759 2050 865 2090 secum
885 2030 998 2089 habere
1017 2029 1081 2090 illie

129 2127 243 2189 diebus
266 2129 305 2189 ad
328 2128 502 2190 faciendam
527 2129 734 2207 elimosynam
759 2133 906 2206 possent3
928 2128 973 2189 sic
995 2129 1080 2188 enim

129 2246 254 2305 semper
268 2228 366 2288 facere
380 2227 505 2290 solebat

171 2327 248 2386 Erat
262 2330 368 2388 autem
385 2326 419 2388 in
432 2327 510 2388 uilla
528 2348 593 2388 non
607 2327 699 2406 longe
717 2327 819 2405 posita
833 2326 961 2405 quidam
981 2327 1083 2388 adule·
1100 2344 1138 2389 no
1148 2357 1219 2390 eum
1229 2358 1245 2389 s

129 2445 220 2486 scens
240 2430 357 2500 mutus,
381 2425 523 2504 episcopo
546 2429 649 2500 notus,
674 2445 748 2486 nam
769 2425 890 2503 saepius
903 2427 975 2486 ante
989 2425 1082 2487 illum
1099 2405 1239 2459 dmm·

128 2524 343 2602 percipiendae
358 2525 549 2604 elimosynas
562 2526 661 2603 gratia
674 2524 783 2584 uenire
797 2528 1008 2598 consueuerat,
1026 2525 1081 2602 qui

128 2644 170 2684 ne
184 2643 285 2683 unum
300 2623 427 2700 quidem
442 2643 619 2684 sermonem
638 2642 789 2700 umquam
808 2623 922 2700 profari
940 2626 1059 2700 poterat
1074 2645 1081 2698 ;

129 2721 184 2784 sed
199 2726 231 2783 et
246 2721 381 2782 scabiem
396 2725 517 2782 tantam
531 2743 566 2782 ac
577 2723 713 2783 furfures
728 2721 861 2782 habebat
874 2725 908 2783 in
924 2722 1032 2799 capite,
1046 2725 1082 2782 ut

128 2822 176 2882 nil
198 2841 350 2899 umquam
371 2821 555 2898 capillorum
576 2821 661 2882 siin
683 2820 841 2899 superiore
864 2825 951 2898 parte
972 2821 1082 2899 capitis

128 2921 216 2982 nasci
236 2921 361 2996 ualeret,
384 2923 510 2980 tantum
529 2921 564 2981 in
587 2920 717 2980 circuitu
741 2921 858 2980 horridi
878 2919 980 2980 crines
1001 2925 1083 2981 stare

130 3018 327 3080 uidebantur.
371 3018 468 3079 Hunc
489 3039 562 3097 ergo
584 3018 696 3080 adduci
718 3018 886 3096 praecipit⁸
910 3017 1080 3095 episcopus,

130 3123 163 3178 et
176 3117 206 3178 ei
219 3117 254 3178 in
268 3117 425 3195 conseptis
435 3117 574 3178 eiusdem
585 3117 758 3178 mansionis
772 3137 904 3195 paruum
920 3116 1082 3193 tugurium

130 3217 208 3290 fieri,
222 3217 257 3276 in
271 3236 332 3294 quo
343 3235 474 3276 manens
485 3216 671 3276 cotidianam
685 3215 725 3275 ab
738 3215 783 3275 eis
796 3215 910 3292 stipem
921 3215 1078 3292 acciperet.

129 3317 273 3392 Cumque
294 3334 357 3374 une
373 3313 625 3391 quadragesimae
646 3318 727 3375 esset
746 3313 876 3391 implete
895 3313 1079 3390 septimana,

129 3417 280 3492 sequente
302 3413 458 3474 dominica
478 3413 570 3473 iussit
590 3413 628 3474 ad
649 3432 683 3473 se
704 3413 823 3473 intrare
844 3431 1019 3490 pauperem,
1037 3412 1082 3471 in·

128 3531 236 3592 gremo
250 3511 391 3590 linguam
403 3511 539 3590 proferre
552 3531 591 3572 ex
604 3531 664 3587 ore,
678 3531 713 3572 ac
728 3511 789 3572 sibi
798 3511 961 3572 ostendere
972 3510 1062 3571 iussit
1073 3533 1082 3584 ;

161 3697 170 3728 ¹
188 3699 279 3748 berht-
290 3699 318 3749 0.
387 3695 397 3727 ¹
414 3700 449 3748 ·ri
461 3700 496 3749 ll.
564 3699 574 3728 ¹
590 3700 676 3749 -uudu
688 3699 716 3750 0.
785 3697 794 3728 ⁴
811 3713 853 3762 ag·
865 3698 893 3749 0.
968 3697 978 3727 ⁸
994 3713 1080 3760 seper-

128 3777 164 3828 1.
178 3777 217 3828 0¹.
332 3779 342 3808 ⁸
358 3781 392 3826 stc
403 3777 437 3830 M.
449 3779 491 3838 133
507 3777 691 3841 olymiterium
703 3779 746 3838 N3
763 3776 939 3826 climiterium
952 3777 1009 3842 Hal
1025 3777 1080 3839 cly-

126 3857 270 3906 mitorium
282 3855 309 3906 0.
324 3855 358 3906 D.
368 3855 413 3906 ico.
491 3853 500 3883 '
516 3857 591 3906 xlma
602 3856 637 3907 ll.
648 3857 676 3920 0,
690 3861 740 3905 aad
749 3873 774 3905 so
784 3860 921 3916 &mucheas
932 3859 969 3905 tte
979 3859 1078 3914 caepim

125 3937 135 3964 ¹
152 3935 236 3999 -cspit
247 3934 274 3985 0.
