2859 4334
344 277 410 341 404
467 274 628 343 Historia
650 276 824 345 Abbatwm
844 282 979 345 auctore
1001 275 1192 362 Accepere.

344 457 483 512 traditum
514 462 559 514 eet
588 459 754 515 uenerabile
785 477 886 530 corpur
919 457 1016 530 ipsine,
1043 458 1135 513 tritus
1164 455 1288 513 eiusdem

342 546 497 603 aecclesiae
511 546 682 613 custodibus,
696 547 779 603 iuxta
794 565 909 612 morem,
928 546 1063 604 excubiae
1077 546 1082 617 1
1097 545 1190 601 ucetia
1203 561 1288 615 agen·
1303 549 1375 603 titt

342 633 426 699 tibae,
454 634 549 691 subito
576 636 731 707 flagrantia
747 636 815 690 miri
832 636 926 692 odoris
944 640 1038 691 tetum
1058 633 1225 691 aecclesiam
1247 648 1288 687 re·

342 721 486 793 pleucrit3
507 729 605 781 secuta
622 724 661 780 sit
678 728 776 780 autem
795 728 826 781 ct
845 724 902 788 lux,
914 742 988 794 quae
1001 727 1033 781 et
1049 723 1112 793 ipen
1129 739 1187 779 non
1203 736 1289 793 paruo

341 812 469 880 tempore
483 828 664 882 permanens,
676 814 795 869 tandem
813 816 892 868 tecta
910 810 1067 869 aecclesiae
1085 808 1223 880 petierit;
1241 805 1289 877 qui

341 897 480 955 citissime
507 900 613 972 egressi
638 904 669 957 et
694 904 876 971 aspectantes
900 900 1029 956 uiderint
1052 899 1173 955 eandem
1197 896 1289 951 lucem

340 988 444 1044 cursim
452 989 546 1045 caelos
553 993 663 1060 petere,
674 989 718 1044 ita
729 992 763 1043 ut
774 989 885 1060 fulgore
898 988 988 1059 ipsine
996 986 1139 1043 cnnclain
1150 984 1289 1041 circuitu¹

340 1074 409 1141 loca,
423 1077 505 1133 uelut
522 1076 655 1143 interdiu,
668 1078 838 1134 uiderentur
852 1077 1011 1141 iuluatrata
1023 1078 1057 1130 nt
1068 1074 1165 1145 palam
1176 1074 1291 1129 duretur

339 1163 467 1237 intelligi
492 1164 638 1222 ministrer
661 1170 798 1223 aeternae
822 1166 894 1221 lucia
915 1170 947 1221 et
964 1168 1121 1235 perpetuae
1138 1161 1290 1217 suauitatis

337 1253 472 1320 adfuisse,
498 1253 548 1325 qui
569 1255 667 1311 ecdem
692 1254 786 1310 sancti
810 1252 935 1324 corporis
958 1270 1010 1307 aua
1033 1249 1200 1306 unitaticue
1225 1266 1290 1305 ccu-

337 1341 520 1399 accrauerint.
558 1342 639 1399 Unde
659 1361 721 1399 mou
739 1342 884 1398 increbuit
908 1340 1037 1398 eiusdem
1055 1339 1113 1397 loci
1130 1337 1239 1404 incolis,
1257 1342 1291 1393 ut

337 1443 389 1495 per
400 1426 512 1497 singule
521 1426 639 1483 diurnae
652 1426 700 1482 uel
710 1430 867 1482 nocturnae
880 1424 1018 1481 orationis
1024 1429 1163 1495 tempora
1172 1423 1290 1493 expleto

338 1513 497 1585 psalmodie
523 1515 601 1571 ritu¹
625 1515 770 1580 canonico,
800 1532 898 1571 omuca
922 1512 980 1568 uiri
997 1514 1034 1568 ad
1059 1512 1188 1567 tumbam
1212 1511 1290 1567 illini

336 1602 527 1673 supplicaturi
540 1621 635 1675 genua
647 1601 794 1659 curuent'.
830 1602 886 1659 Sed
899 1606 929 1659 ct
942 1601 1001 1657 alia
1012 1601 1095 1673 sigua
1108 1604 1138 1657 et
1150 1600 1290 1655 uanitatea

336 1688 445 1746 ibidem
458 1692 547 1748 iactae
560 1693 638 1748 lama
649 1691 789 1763 uulgauit,
798 1691 923 1747 donante
936 1689 988 1747 illo
999 1690 1050 1760 qni
1062 1693 1175 1744 nanctae
1186 1706 1249 1743 auce
1257 1693 1288 1744 et

336 1776 367 1832 iu
380 1779 525 1847 praesenti
538 1783 682 1836 certantes
695 1779 803 1843 iuuare,
813 1782 844 1835 et
857 1777 888 1832 iu
901 1778 997 1834 futuro
1006 1776 1155 1833 consueuit
1164 1776 1287 1833 uictores

336 1883 470 1923 coronare
481 1865 500 1923 ⁴.
537 1865 659 1923 Ausul

367 2052 375 2080 ¹
392 2070 460 2117 quae
483 2056 513 2103 in
535 2055 650 2105 circuitu
671 2057 751 2104 erant
772 2053 795 2104 d.
932 2051 1012 2103 'rite
1033 2052 1071 2103 Η.
1215 2055 1287 2102 'sta

334 2150 349 2181 e
368 2138 448 2181 acted
466 2138 493 2181 in
512 2132 547 2182 H.
624 2132 757 2192 ,⁴1heau
776 2132 885 2182 christo
903 2132 1020 2183 Domino
1037 2136 1138 2194 nocuo,
1157 2132 1206 2194 qui
1222 2146 1284 2181 cum

334 2210 412 2259 Patre
424 2213 451 2259 et
468 2212 572 2274 Spiritu
589 2211 688 2261 Sancto
704 2212 778 2261 uiuit
794 2213 822 2259 at
838 2213 934 2274 regnat
950 2210 981 2259 in
998 2212 1104 2260 nucula
1120 2210 1284 2260 mulorum

332 2294 394 2337 adda
404 2290 426 2339 t.
581 2289 591 2320 ⁸
608 2289 727 2352 Explicit
737 2290 798 2339 uita
809 2290 972 2339 Sanctorum
982 2290 1122 2338 Abbatnm
1133 2288 1283 2348 Benedicti,

333 2366 471 2429 Occisi-idi,
483 2368 670 2431 Eaateruuyni
685 2368 808 2431 sigfridi,
821 2370 903 2430 etque
914 2367 1106 2430 Hwaetbyrhti
1118 2368 1155 2417 Η.
1166 2384 1198 2416 αι
1209 2367 1229 2417 i.
1239 2364 1285 2428 ³4⁸

332 2449 360 2493 in
370 2462 386 2493 a
397 2452 435 2495 not
446 2451 515 2495 muci
526 2450 583 2495 later
593 2452 674 2497 tund:
692 2447 890 2497 Beuediaamua
903 2447 1027 2510 Domino,
1040 2446 1098 2496 Deo
1108 2448 1217 2510 gratias,
1229 2450 1284 2495 aea

330 2528 429 2573 musical
439 2530 550 2575 nctaticn.
