2859 4334
137 291 303 355 cmxvii]
438 280 555 347 Gentis
576 281 781 366 Anpiorwm.
1025 276 1084 338 161

136 456 294 517 aedificata
316 457 360 518 ibi
384 459 518 534 ecclesia,
544 460 701 520 destinam
722 459 810 520 illam
832 478 904 532 non,
929 458 966 516 ut
986 455 1084 524 anim,

137 555 251 616 deforis
269 556 303 616 in
322 557 545 620 fulcimentum
564 562 677 621 domus
693 558 913 636 adposuerunt,
930 554 983 614 sed
1004 553 1088 611 intro

137 654 236 730 ipsam
250 655 411 718 ecclesiam
426 658 461 718 in
480 659 662 719 memoriam
680 656 823 718 miraculi
837 654 1016 734 posuerunt,
1032 648 1089 710 ubi

137 752 289 814 intrantes
309 775 392 831 genu
412 757 543 832 flectere,
568 777 603 817 ac
625 755 854 817 misericordiae
874 751 998 813 caelesti
1016 769 1087 825 sup·

137 853 251 928 plicare
273 855 429 916 deberent.
475 857 666 933 Constatque
689 855 808 916 multos
830 873 868 913 ex
890 872 927 912 eo
947 853 1087 924 tompore

138 952 269 1028 gratiam
284 953 469 1014 sanitatisin
484 955 593 1014 eodem
605 955 671 1016 loco
682 956 883 1027 consecutos3
905 948 1089 1029 quinetiam

138 1050 248 1110 astulis
270 1071 308 1111 ex
331 1052 398 1130 ipsa
420 1053 542 1113 destina
562 1054 680 1129 excisis,
707 1056 739 1112 et
762 1052 796 1112 in
817 1048 947 1129 aquam¹
973 1046 1085 1119 missis,

138 1148 245 1224 plures
258 1150 318 1210 sibi
332 1151 458 1228 suisque
472 1151 636 1230 langorum
650 1151 786 1212 remedie
799 1148 999 1227 conquisiere.

178 1247 296 1324 Scripsi
309 1251 412 1309 autem
428 1250 503 1311 haec
517 1250 556 1311 de
575 1270 706 1328 persona
724 1253 756 1310 et
775 1249 919 1326 operibus
932 1245 992 1306 uiri
1005 1262 1090 1321 prae·
1107 1253 1243 1321 camactos

140 1345 217 1420 iati;
238 1367 434 1426 nequaquam
450 1349 484 1409 in
503 1369 539 1410 eo
553 1349 685 1410 laudans
698 1347 772 1409 aut²
787 1349 906 1426 eligens
921 1345 988 1419 hoc,
1006 1343 1089 1421 quod
1106 1311 1232 1356 dmm

140 1445 177 1506 de
188 1447 403 1509 obseruatione
413 1450 544 1525 paschae
555 1449 662 1510 minus
671 1449 807 1527 perfecte
817 1448 955 1525 sapiebat
966 1467 974 1519 ;
990 1445 1092 1532 immo

139 1544 198 1605 hoc
222 1547 360 1608 multum
384 1547 548 1624 detestans,
572 1548 652 1608 sicut
673 1549 708 1609 in
729 1548 816 1623 libro,
841 1567 934 1625 quem
956 1546 995 1606 de
1015 1547 1091 1604 tem·

140 1645 267 1720 poribus
290 1647 447 1723 conposui,
475 1647 729 1708 manifestissime
751 1647 899 1724 probaui;
927 1645 979 1704 sed
1004 1641 1092 1719 quasi

139 1765 234 1804 uerax
256 1745 429 1818 historicus,
450 1745 634 1823 simpliciter
654 1767 697 1822 ea,
716 1767 793 1824 quae
814 1748 852 1806 de
873 1747 927 1807 illo
948 1745 1016 1806 siue
1036 1762 1092 1821 per

142 1843 235 1903 illum
250 1846 326 1903 sunt
343 1845 437 1920 gesta
454 1843 639 1919 describens,
660 1847 692 1904 et
706 1865 785 1922 quae
803 1845 895 1906 laude
909 1846 984 1904 sunt
998 1843 1092 1920 digna

139 1941 174 2001 in
189 1941 257 2000 eius
275 1942 395 2002 actibus
411 1942 549 2016 laudans,
568 1945 660 2020 atque
673 1943 711 2003 ad
735 1943 905 2004 utilitatem
919 1941 1092 2020 legentium

140 2039 310 2100 memoriae
334 2041 578 2116 commendans;
610 2043 751 2101 studium
779 2041 924 2104 uidelicet
949 2039 1035 2119 pacis
1061 2042 1092 2099 at

140 2139 288 2212 cantatis,
306 2139 516 2199 continentiae
535 2142 566 2199 et
584 2139 795 2215 humilitatis;
817 2140 959 2200 animum
980 2139 1043 2199 irae
1061 2141 1094 2199 et

139 2237 288 2297 auaritiae
316 2237 474 2313 uictorem,
502 2238 664 2315 superbiae
686 2239 783 2300 simul
807 2242 839 2299 et
859 2258 957 2299 uanae
977 2237 1094 2316 gloriae

139 2339 387 2410 contemtorem
417 2336 603 2398 industriam
625 2337 758 2398 faciendi
785 2337 880 2398 simul
908 2342 940 2397 et
963 2336 1095 2398 docendi

139 2435 290 2495 mandata
314 2434 463 2510 caelestia,
491 2435 650 2496 solertiam
677 2436 821 2497 lectionis
848 2440 880 2496 et
903 2436 1091 2514 uigiliarum,

139 2533 356 2594 auctoritatem
376 2535 552 2594 secerdote³
572 2535 707 2612 dignam,
725 2534 929 2613 redarguendi
946 2534 1095 2611 superbos

139 2655 174 2694 ac
190 2635 341 2710 potentes,
358 2632 473 2709 pariter
486 2636 518 2692 et
532 2633 674 2694 infirmos
688 2633 877 2709 consolandi,
894 2654 930 2694 ac
944 2653 1095 2711 pauperes

141 2732 303 2792 recreandi
318 2731 369 2791 uel
381 2731 784 2794 defendendiclementiam.
830 2733 898 2808 Qui,
912 2736 949 2792 ut
958 2732 1096 2792 breuiter

140 2831 245 2890 multa
278 2830 538 2908 conprehendam,
570 2833 724 2908 quantum
759 2831 798 2891 ab
833 2831 885 2905 eis,
916 2830 971 2908 qui
1004 2830 1095 2891 illum

141 2949 267 3003 nouere,
289 2928 463 3003 didicimus,
481 2928 526 2989 nil
541 2949 579 2989 ex
593 2929 748 3003 omnibus,
766 2950 845 3006 quae
858 2929 893 2990 in
907 2928 1096 3006 euangelicis

141 3029 216 3089 uel⁴
237 3027 411 3104 apostolicis
435 3026 501 3087 siue
524 3028 714 3105 propheticis
735 3027 850 3088 litteris
869 3028 1009 3088 facienda
1029 3047 1095 3105 cog·

146 3131 287 3200 nouerat,
314 3126 569 3203 praetermittere,
594 3128 649 3187 sed
675 3131 786 3187 cuncta
809 3147 864 3204 pro
888 3125 953 3186 suis
977 3126 1097 3186 uiribus

141 3225 290 3304 operibus
314 3224 436 3302 explere
461 3225 593 3285 curabat
638 3225 724 3284 Haec
744 3225 779 3285 in
799 3225 935 3304 praefato
956 3225 1097 3285 antistite

140 3324 283 3385 multum
303 3323 481 3401 conplector
501 3327 532 3384 et
554 3343 633 3396 amo,
658 3325 732 3402 quia
756 3324 906 3384 nimirum
931 3323 1006 3383 haec
1029 3323 1095 3383 Deo

137 3421 297 3502 placuisse
318 3442 383 3482 non
407 3421 540 3499 ambigo.
586 3422 675 3497 Quod
696 3426 803 3483 autem
823 3423 937 3500 pascha
956 3443 1021 3482 non
1040 3443 1097 3482 suo

61 3556 75 3578 J.
138 3527 284 3600 tempore
318 3520 510 3596 obseruabat,
532 3517 537 3602 Ι
556 3521 607 3580 uel
647 3520 832 3581 canonicum
871 3521 938 3580 eius
971 3524 1098 3597 tempus

137 3621 299 3700 ignorans,
330 3619 382 3679 uel
417 3638 491 3680 suae
520 3618 624 3697 gentis
659 3619 843 3680 auctoritate
878 3641 918 3680 ne
952 3618 1096 3697 agnitum

136 3721 325 3798 sequeretur
342 3717 493 3792 deuictus,
510 3737 575 3778 non
592 3717 729 3796 adprobo
750 3737 807 3778 nec
828 3717 929 3780 laudo.
973 3719 1015 3778 In
1036 3737 1097 3794 quo

172 3875 317 3939 'aquali
410 3873 527 3926 ’uelli
632 3873 782 3925 ³-dotiiN.
887 3876 1099 3926 ⁴aiueB.C.on

131 3971 243 4008 crimin.
