2859 4334
357 253 419 315 156
621 251 780 317 Historia
802 249 1035 317 Ecclesiastico
1181 259 1247 324 [Lus
1260 263 1302 311 111.

355 425 461 499 animi,
485 428 516 485 et
538 425 654 500 uultus,
680 429 713 486 et
734 427 920 486 meritorum
942 425 1130 502 dignitatem
1149 423 1190 484 ab
1211 422 1304 484 omni·

355 524 415 584 bus
443 523 630 602 diligeretur,
654 527 686 585 ct
714 525 853 602 undique
880 525 919 586 nd
946 525 1014 584 eius
1034 523 1249 584 ministerium
1268 522 1304 582 de

357 623 480 683 cunctis
492 643 588 700 prope
603 624 774 700 prouinciis
787 623 850 683 uiri
863 623 959 684 etiam
978 621 1171 684 nobilissimi
1184 639 1305 681 concur·

355 727 466 783 rorent
512 723 608 782 Cuius
622 722 703 782 inter
716 725 834 782 ceteras
847 720 993 782 uirtutis¹
1015 724 1046 781 et
1066 721 1249 792 modestice,
1265 723 1302 792 et

356 824 392 881 ut
420 821 464 881 ita
491 820 600 895 dicam,
632 820 774 897 specialis
805 819 1032 881 benedictionis
1062 818 1180 898 glorias
1214 818 1303 878 etiam

355 919 492 979 maxima
506 918 601 980 fuisse
616 920 715 979 fertur
728 919 899 995 humilitas,
916 923 953 979 ut
966 939 1031 980 uno
1044 919 1175 995 probaro
1189 921 1239 978 sst
1251 916 1304 976 erit

356 1019 507 1095 exemplo.

185 1119 230 1162 11³⁸
396 1117 577 1177 Donsuerst
603 1137 721 1194 equum
749 1118 905 1195 optimum
932 1118 1069 1178 antistiti
1095 1114 1248 1189 Aidano¹‚
1273 1115 1302 1174 in

184 1175 324 1292 diffiteris?
355 1235 417 1292 quo
431 1216 493 1290 ille,
507 1216 652 1296 quamuis
665 1217 827 1276 ambulare
840 1217 960 1292 solitus
973 1217 1027 1276 uel
1037 1215 1182 1276 amnium
1192 1215 1303 1274 fluento

355 1314 495 1389 transire,
526 1315 578 1374 uel
606 1315 634 1374 si
661 1315 724 1375 alia
751 1314 909 1392 quaelibet
939 1314 1108 1374 necessitas
1138 1313 1299 1383 insisteret,

355 1413 440 1474 uiam
454 1413 619 1490 peragere³
633 1416 746 1490 posset
784 1414 930 1474 Quicum
946 1433 1044 1490 paruo
1057 1412 1223 1474 interiecto
1235 1414 1302 1470 tem·

356 1533 429 1589 pore
448 1511 451 1592 l
470 1533 587 1590 pauper
609 1513 737 1590 quidam
762 1515 936 1572 occurreret
960 1512 1169 1589 elimosynam
1191 1512 1298 1588 petens
1314 1523 1379 1574 csse

357 1611 506 1671 desiliens
520 1611 573 1670 ille
586 1611 742 1689 praecepit
758 1631 883 1687 equum,
900 1611 946 1672 ita
959 1614 997 1671 ut
1015 1615 1081 1671 erat
1095 1613 1216 1670 stratus
1230 1626 1302 1684 rege

357 1709 437 1785 liter,
459 1711 587 1786 pauperi
606 1710 693 1785 dari3
721 1714 786 1770 erat
807 1710 894 1770 enim
916 1709 1056 1770 multum
1073 1708 1254 1780 misericors,
1273 1709 1301 1763 et

358 1808 460 1868 cultor
469 1829 648 1885 pauperum,
666 1829 701 1869 ac
715 1809 805 1869 uelut
817 1813 906 1885 peter
920 1810 1116 1869 miserorum.
1156 1807 1225 1867 Hoc
1237 1822 1301 1864 cum

358 1907 424 1983 regi
434 1911 515 1967 esset
526 1907 668 1981 relatum,
676 1907 799 1967 dicebat
808 1907 1042 1984 episcopocum
1052 1908 1134 1967 forts
1144 1901 1301 1983 ingressuri

358 2009 463 2064 essent
476 2006 515 2065 ad
529 2005 718 2082 prandium:
746 2006 844 2081 ‘Quid
859 2004 998 2079 uoluisti,
1020 2005 1153 2065 domine
1171 2003 1298 2073 antistes,

358 2124 476 2180 equum
490 2104 619 2181 regium,
637 2124 731 2181 quem
745 2107 778 2164 te
791 2103 995 2164 conueniebat
1009 2103 1172 2181 proprium
1187 2101 1298 2171 habere,

358 2203 487 2279 pauperi
500 2203 597 2263 dare?
628 2201 792 2279 Numquid
807 2223 872 2262 non
886 2202 1056 2263 habuimus
1073 2221 1171 2279 equos
1186 2201 1300 2260 uiliores

358 2301 518 2378 plurimos,
542 2302 594 2361 uel
614 2301 691 2362 alias
714 2301 839 2379 species,
867 2321 948 2378 quae
968 2302 1006 2362 sd
1031 2319 1204 2378 pauperum
1229 2299 1300 2358 dom

358 2401 544 2472 sufficerent,
563 2399 707 2477 quamuis
721 2400 814 2459 illum
828 2400 873 2460 eis
886 2420 1005 2476 equum
1023 2419 1090 2460 non
1104 2400 1201 2473 dares,
1217 2414 1300 2474 quem

360 2498 418 2557 tibi
439 2498 613 2575 specialiter
632 2498 857 2576 possidendum
879 2498 1003 2576 elegi?'
1044 2498 1104 2558 Cui
1125 2498 1230 2558 statim
1247 2493 1300 2571 epi·

360 2617 490 2674 scopus:
529 2597 628 2672 ‘Quid
656 2597 813 2674 loqueris‚’
838 2597 953 2675 inquit,
987 2599 1083 2657 ‘real
1132 2593 1300 2672 Numquid⁴

360 2694 417 2755 tibi
434 2695 532 2754 carior
548 2700 595 2756 est
613 2695 667 2755 ille
684 2696 771 2756 lilius
789 2716 893 2773 equse,
915 2717 1011 2774 quam
1030 2697 1085 2756 ille
1104 2697 1191 2756 iilius
1210 2691 1300 2754 Deit’

360 2794 482 2868 Quibus
495 2793 588 2854 dictis
601 2794 762 2855 intrabant
775 2797 815 2855 ad
829 2795 1058 2872 prendendum.
1097 2796 1142 2856 Et
1155 2795 1302 2872 episcopus

360 2892 488 2968 quidem
516 2893 669 2954 residebat
698 2895 733 2955 in
761 2914 818 2954 suo
842 2894 918 2956 loco.
972 2895 1072 2956 Porro
1097 2915 1161 2968 mx,
1188 2890 1301 2953 uenerat
1388 2912 1389 2929 ¹

360 2990 448 3049 enim
468 2991 506 3050 de
528 2997 653 3066 uenatu,
676 2992 778 3069 coepit
798 2991 974 3054 consistens
993 2993 1034 3054 sd
1055 2994 1164 3054 focum
1183 2985 1301 3052 calefieri
1312 2987 1389 3086 τί,Ῑῇ

361 3109 434 3148 cum
453 3088 608 3149 ministris
618 3113 626 3166 ;
655 3095 686 3151 et
705 3095 833 3168 repento
851 3093 936 3152 inter
956 3092 1201 3152 mlefsmendum
1219 3105 1302 3148 recor
1312 3063 1364 3095 xm

361 3186 439 3246 dans
464 3189 603 3263 uerbum,
628 3189 710 3266 quod
735 3189 927 3250 dixeratilli
950 3191 1093 3266 antistes,
1117 3187 1258 3250 discinxit
1274 3203 1302 3244 se

361 3285 464 3361 gladio
478 3306 543 3361 suo,
556 3290 587 3346 et
598 3287 684 3347 dedit
695 3288 787 3348 illum
796 3289 952 3363 ministro,
963 3289 1164 3366 festinusque
1170 3285 1303 3348 secedent

362 3387 435 3444 ante
449 3384 543 3462 podes
557 3384 692 3462 episcopi
709 3387 840 3463 com-uit,
858 3387 1030 3465 postulans,
1047 3391 1084 3449 ut
1102 3388 1164 3448 sibi
1181 3387 1302 3464 plautus

362 3485 452 3558 esset,
468 3484 556 3560 ‘quia
569 3487 765 3562 numqusm‚’
775 3486 889 3564 inquit,
904 3487 1063 3564 ‘deinceps
1075 3487 1195 3564 aliquid
1208 3486 1301 3560 loquar
1385 3520 1386 3527 κ

363 3583 401 3641 de
426 3581 484 3641 hoc
506 3587 560 3642 aut
583 3581 733 3659 iudicabo,
761 3585 838 3662 quid
861 3586 915 3645 uel
943 3589 1101 3663 quantum
1125 3587 1165 3646 de
1185 3579 1301 3661 pecunia

362 3679 468 3738 nostra
495 3678 570 3740 filiis
598 3681 657 3741 Dei
683 3683 823 3745 tribuas!
879 3683 970 3760 Quod
997 3685 1114 3744 uidens
1144 3682 1296 3762 episcopus
1384 3764 1385 3771 ἵ

395 3825 512 3952 ῑ-ἰὲεῦ.
612 3828 780 3880 ἰἰᾱοιιοΝ.
869 3830 1086 3895 ’pemgrarslt
1175 3824 1297 3880 ⁴nun0;

362 3917 471 3954 nam.
