2859 4334
368 225 412 290 46
646 225 806 292 Historia
824 224 1056 291 Ecclesiastico
1218 232 1272 298 [tn
1280 235 1296 284 1.

368 401 504 462 ferentes
517 404 704 478 argenteam,
722 405 753 462 et
767 401 939 480 imaginem
958 399 1086 462 Domini
1102 395 1298 461 Saluatorisin

369 500 475 561 tabula
495 501 656 579 depictam,
674 501 885 579 laetaniasque
905 503 1052 561 canentes
1072 519 1129 577 pru
1149 519 1208 559 sua
1224 495 1299 557 simul

369 603 401 659 et
426 619 542 672 eorum,
566 602 692 676 propter
713 620 792 676 quos
815 602 847 659 et
870 599 910 660 ad
931 619 1009 677 quos
1031 601 1193 669 uenerant,
1221 596 1299 656 salute
1382 602 1383 625 ³

369 701 502 773 aeterna,
520 698 656 758 Domino
670 698 895 776 supplicabant
939 699 1082 775 Cumque
1095 699 1134 757 ad
1148 696 1299 756 iussionem
1382 766 1383 779 χ

369 797 451 875 regis
465 796 637 856 residentes
651 797 784 857 uerbum
798 796 828 856 ei
841 799 925 857 uitae
938 817 1002 857 una
1015 816 1087 856 cum
1098 796 1250 869 omnibus,
1260 790 1300 868 qui
1382 854 1383 877 χ

369 896 505 971 aderant,
536 894 604 955 eius
631 895 799 955 comitibus
825 894 1045 973 praedicarent,
1077 893 1239 971 respondit
1260 890 1301 950 ille
1382 940 1383 959 ,

370 993 495 1054 dicens:
529 993 683 1054 ‘Pulchra
707 997 783 1054 sunt
807 993 954 1071 quidem¹
978 994 1075 1054 uerba
1102 997 1135 1053 et
1157 991 1299 1070 promissa
1382 1020 1384 1067 r

370 1113 449 1169 quae
475 1092 622 1168 adfertie3
646 1093 700 1152 sed
728 1093 801 1171 quia
828 1113 911 1154 noua
938 1096 1014 1154 sunt
1040 1097 1073 1153 et
1099 1092 1226 1167 incerta
1254 1109 1302 1150 non

369 1191 421 1252 his
436 1211 563 1268 possum
582 1191 750 1252 adsensum
769 1192 912 1267 tribuere,
929 1191 1048 1252 relictis
1066 1192 1119 1266 eis,
1137 1211 1218 1269 quae
1233 1191 1302 1251 anu

369 1293 509 1366 tempore
524 1309 595 1349 cum
615 1289 702 1350 omni
715 1291 896 1367 Anglorum
914 1293 1007 1367 gente
1023 1291 1155 1351 senraui.
1202 1289 1302 1350 Uerum

369 1388 443 1466 quia
463 1388 502 1447 de
522 1387 615 1466 longe
633 1388 695 1448 huc
716 1389 872 1467 peregrini
892 1389 1033 1464 uenistis,
1050 1392 1091 1459 et,
1106 1393 1143 1449 ut
1164 1409 1221 1466 ego
1239 1384 1302 1447 mihi

369 1487 478 1547 uideor
498 1487 697 1564 perspexisse,
722 1507 765 1563 ea,
789 1507 868 1564 quae
892 1507 951 1548 uos
970 1509 1044 1549 uera
1063 1490 1096 1547 ct
1117 1488 1238 1564 optima
1255 1503 1302 1545 cre

369 1585 496 1660 dabatis,
514 1585 606 1645 uobis
623 1605 747 1664 quoque
763 1587 993 1647 communicare
1011 1587 1219 1660 desiderastis,
1235 1583 1304 1644 nolu·

369 1703 441 1744 mus
468 1684 593 1744 molesti
622 1703 690 1746 esse
718 1684 826 1761 uobis;
861 1686 939 1762 quin
966 1685 1072 1763 potius
1099 1685 1237 1762 benigno
1260 1700 1304 1742 uos

370 1783 505 1860 hospitio
516 1782 659 1859 recipere,
673 1785 712 1858 et,
728 1802 807 1860 quae
820 1784 920 1843 uictui
933 1788 1010 1844 sunt
1019 1787 1125 1844 uestro
1139 1781 1302 1849 necesaria

369 1881 549 1942 ministrare
575 1901 742 1958 curamus;
766 1902 825 1942 neo
851 1883 1064 1960 prohibemus,
1095 1883 1175 1959 quin
1202 1901 1303 1951 omnes,
1382 1918 1383 1927 κ

369 2001 448 2058 quos
482 1978 620 2058 potestis,
657 1981 732 2040 fidei
765 1983 888 2041 uestrae
922 1981 1082 2060 religionis
1116 1981 1305 2059 praedicando
1382 2048 1383 2051 Ἴ

198 2091 348 2136 &alremont
369 2078 491 2139 societis
501 2079 532 2141 ².’
583 2079 678 2139 Dedit
712 2098 784 2156 ergo
817 2080 862 2140 eis
895 2081 1093 2141 mansionem
1128 2079 1163 2140 in
1197 2078 1306 2140 ciuitate

198 2151 338 2264 ppucyancer-
371 2176 614 2252 Doruuernensi,
632 2197 710 2254 quae
724 2177 849 2254 imperii
866 2179 916 2239 sui
933 2180 1032 2239 totius
1049 2183 1116 2239 erat
1130 2175 1304 2254 metropolis
1382 2154 1383 2201 7

370 2276 482 2353 eisque,
520 2279 557 2336 ut
588 2276 779 2353 promiserat,
811 2297 883 2337 cum
914 2277 1187 2338 administratione
1219 2277 1307 2337 uictus

371 2375 549 2453 temporalis
563 2375 723 2436 licentiam
741 2395 865 2452 quoque
884 2376 1082 2453 praedicandi
1097 2397 1165 2437 non
1182 2374 1305 2436 abstulit

371 2473 482 2532 Fertur
495 2476 609 2548 autem,
626 2472 699 2551 quia
713 2474 1001 2552 adpropinquantes
1018 2475 1150 2548 ciuitati,
1166 2493 1249 2534 more
1260 2491 1308 2531 suo
1382 2530 1383 2549 ,

371 2592 443 2632 oum
458 2592 546 2632 onice
560 2575 667 2632 saneta
680 2576 712 2633 et
723 2572 859 2650 imagine
872 2573 979 2651 magni
993 2573 1075 2650 regis
1085 2573 1213 2633 Domini
1223 2570 1307 2632 nostri
1382 2620 1383 2639 ,

372 2669 444 2731 Iesu
473 2671 591 2732 Christi
618 2671 698 2732 hanc
726 2671 894 2731 laetaniam
921 2691 1059 2732 consona
1085 2692 1162 2732 uoce
1189 2668 1307 2731 modula·

372 2771 501 2830 rentur:
536 2770 764 2846 ‘Deprecamur
790 2773 830 2844 te,
861 2769 1005 2844 Domine,
1031 2769 1065 2829 in
1093 2771 1182 2831 omni
1208 2766 1308 2830 miseri·

371 2870 474 2930 cordia
488 2871 549 2944 tua,
567 2871 603 2929 ut
621 2869 778 2929 auferatur
794 2869 881 2929 furor
893 2870 968 2929 tuus
986 2872 1019 2929 et
1035 2869 1082 2929 ira
1098 2872 1155 2929 tua
1167 2890 1187 2930 a
1199 2869 1308 2929 ciuitate
1382 2862 1383 2885 ¹

371 2967 437 3042 ista,
469 2971 500 3027 et
528 2968 566 3027 de
593 2968 686 3027 domo
713 2971 821 3028 sancta
848 2971 911 3044 tua,
943 2967 1091 3045 quoniam
1119 2969 1306 3046 peccarumus
1382 3020 1383 3039 ,

370 3065 547 3127 Alleluia³.'

374 3315 402 3360 u't
413 3315 473 3360 rilem
485 3315 511 3360 ia
524 3315 606 3362 Coctia
616 3315 753 3370 primitivae
763 3316 1309 3376 mimammmsirimuarmmm.
1382 3298 1383 3323 r

545 3394 648 3449 nauata
659 3395 871 3450 arbcrcqiaaalem
881 3397 1024 3451 urisupctas
1033 3400 1152 3453 arrepsit.
1382 3372 1383 3425 i

223 3505 273 3594 ¹⁰9⁰
307 3493 311 3503 '
430 3487 434 3569 l
453 3491 503 3550 Ar
527 3491 580 3551 ubi
602 3492 705 3551 datam
728 3492 789 3552 sibi
809 3494 1009 3554 mansionem
1030 3494 1239 3562 intrauerunt,
1259 3511 1311 3552 coe
1323 3497 1334 3540 ¹3
1342 3503 1355 3535 1‘
1363 3502 1383 3531 ⁹

256 3585 260 3594 '
370 3591 485 3666 perunt
503 3589 702 3665 apostolicam
717 3589 896 3666 primitiuae
909 3593 1057 3653 ecclesiae
1070 3594 1173 3654 uitam
1187 3591 1311 3654 imitari:

371 3685 562 3746 orationibus
590 3687 735 3747 uidelicet
756 3689 897 3764 assiduis,
919 3691 1038 3768 uigiliis
1059 3712 1095 3754 ac
1118 3693 1242 3752 ieiuniis
1262 3707 1311 3747 ser·
1382 3738 1383 3749 ,

404 3817 413 3846 ¹
430 3819 540 3879 quidem
553 3821 617 3867 sunt
628 3819 655 3869 G.
667 3819 708 3870 13².
719 3821 761 3872 W.
872 3821 883 3851 ²
899 3825 938 3872 sic
949 3825 995 3886 111.
1008 3823 1060 3887 13¹3
1076 3828 1187 3876 sociatis
1197 3825 1230 3877 li.
1242 3820 1310 3874 (213¹.

371 3897 381 3924 ³
399 3895 429 3954 0,
440 3899 501 3956 ytres
512 3901 547 3945 ua
558 3901 656 3946 νικήσαι
666 3903 814 3959 mictuasor
824 3905 871 3950 aa
878 3906 962 3962 titana.
