2859 4334
153 271 216 322 cn.
229 265 299 330 vlt]
470 255 587 324 Gentis
609 257 815 343 duplorum·
1062 259 1104 322 19

195 430 336 510 Contigit
349 435 454 493 autem
476 433 610 493 iudicem
631 451 667 492 ea
687 433 771 504 hora,
788 451 848 510 qua
868 433 907 492 ad
928 451 1000 492 eum
1014 433 1105 493 Albe·

151 547 216 588 nus
231 530 447 606 adducebatur,
465 531 527 592 aris
545 532 699 601 adsistere,
714 552 749 591 ac
769 532 973 592 daemonibus
989 532 1107 592 hostias

151 627 272 688 offerre.
317 629 459 706 Cumque
474 629 602 690 uidisset
610 629 781 704 Albanum,
794 649 868 690 mox
882 629 928 689 ira
941 649 1106 689 succensus

151 727 262 800 nimia,
279 729 360 805 quod
376 748 409 788 se
422 729 476 788 ille
489 730 572 789 ultro
589 749 644 806 pro
661 729 792 806 hospite,
810 748 905 805 quem
919 731 1103 804 susceperat,

152 823 311 884 militibus
325 825 441 901 offerre,
458 824 513 886 ac¹
529 825 702 886 discrimini
715 828 790 887 dare
806 826 1051 904 praesumsisset,
1068 825 1107 885 ad

153 919 322 981 simulacra
334 923 531 998 daemonum,
544 923 657 1000 quibus
667 923 843 996 adsistebat,
856 943 928 982 eum
943 923 1034 983 iussit
1043 943 1108 999 per·

152 1019 260 1080 trahi:
284 1020 380 1094 ‘Quia
393 1021 563 1097 rebellem,'
576 1022 731 1099 inquiens,
748 1023 800 1082 ‘ac
812 1022 996 1098 sacrilegum
1010 1022 1108 1081 celare

155 1135 252 1194 quam
267 1117 421 1178 militibus
439 1119 566 1179 reddere
583 1119 732 1194 maluisti,
755 1123 790 1180 ut
808 1122 984 1180 contemtor
997 1119 1109 1179 diuum

155 1215 305 1276 meritam
319 1216 527 1294 blasphemiae
541 1236 614 1276 suae
627 1237 759 1294 poenam
773 1218 879 1292 lueret,
897 1236 1110 1294 quaecumque

155 1312 206 1372 illi
226 1314 419 1374 debebantur
439 1314 596 1391 supplicia,
617 1317 653 1376 tn
674 1316 795 1376 soluere
816 1315 920 1388 habos,
937 1315 964 1375 si
984 1335 1003 1374 a
1023 1316 1109 1374 cultu

155 1416 284 1474 nostrae
297 1413 455 1490 religionis
469 1414 625 1474 discedere
638 1416 774 1476 temtaa'
815 1416 861 1474 At
879 1417 1006 1475 sanctus
1018 1414 1110 1473 Alba·

156 1531 227 1585 nus,
246 1511 347 1587 quise
361 1512 444 1572 ultro
458 1512 705 1588 persecutoribus
724 1512 798 1572 fidei
817 1512 1031 1574 Cluistianum
1045 1531 1111 1570 esse

155 1609 343 1687 prodiderat,
369 1629 566 1688 nequaquam
590 1611 692 1671 minas
713 1611 864 1689 principis
887 1611 1023 1686 metuit;
1056 1610 1111 1670 sed

156 1708 314 1768 accinctus
328 1709 424 1768 armis
437 1709 569 1770 militiae
582 1710 737 1787 spiritalis,
754 1710 859 1786 palam
872 1730 906 1769 se
919 1709 1013 1768 iussis
1026 1708 1112 1768 illius

157 1827 267 1884 parere
285 1807 370 1867 nolle
386 1807 635 1885 pronuntiabat².
680 1810 763 1869 Tum
781 1809 896 1868 iudex:
920 1807 1054 1882 ‘Odius'
1068 1807 1112 1866 in·

158 1905 237 1981 quit,
266 1905 417 1967 ‘familiae
438 1907 489 1966 uel
509 1908 631 1985 generis
651 1909 730 1968 ss?’
768 1907 911 1967 Albanus
931 1905 1112 1982 respondit:

162 2003 263 2078 ‘Quid
286 2005 324 2064 ad
345 2007 376 2064 te
397 2005 540 2082 pertinet,
559 2025 619 2082 qua
640 2005 701 2064 sim
723 2005 820 2081 stirpe
838 2004 990 2082 genitus?
1017 2003 1070 2062 sed
1085 2003 1113 2062 si

158 2102 326 2162 ueritatem
340 2102 498 2180 religionis
515 2103 622 2163 audire
640 2102 803 2178 desideras,
821 2101 1035 2163 Christianum
1050 2099 1113 2160 iam

158 2221 213 2262 me
227 2221 302 2276 esse,
326 2202 574 2279 christianisque
593 2202 700 2263 officiis
718 2221 826 2262 uacare
845 2200 1013 2278 cognosce!
1055 2198 1113 2258 Ait

160 2297 278 2358 iudex:
309 2298 447 2358 ‘Nomen
470 2301 561 2360 tuum
583 2319 704 2377 quaero,
729 2299 811 2377 quod
833 2299 901 2358 sine
922 2317 1011 2357 mora
1033 2296 1113 2356 mihi

160 2396 310 2456 insinua’
350 2395 415 2456 At'
435 2396 509 2458 ille:
538 2397 717 2472 ‘Albanus’
738 2396 850 2474 inquit,
878 2395 1114 2472 ‘aparentibus

161 2515 265 2569 uocor,
283 2499 314 2555 et
328 2496 431 2556 Deum
445 2515 556 2556 uerum
570 2515 605 2556 ac
620 2496 739 2568 uiuum,
757 2496 812 2572 qui
826 2495 973 2554 uniuersa
986 2492 1111 2566 creauit,

160 2593 257 2652 adoro
276 2613 405 2669 semper,
421 2597 453 2652 et
474 2593 561 2653 colo!
601 2593 683 2653 Tum
700 2592 792 2652 iudex
806 2591 943 2668 repletus
956 2589 1115 2650 iracundia

162 2691 264 2752 dixit:
296 2691 347 2752 ‘Si
369 2693 417 2752 uis
443 2691 590 2770 perennis
613 2691 696 2751 uitae
724 2690 871 2752 felicitate
898 2689 1023 2767 perfrui,
1054 2688 1116 2748 diis

161 2792 289 2868 magnis
316 2791 485 2852 sacrificare
512 2811 552 2852 ne
579 2791 724 2852 differas'
765 2791 908 2850 Albanus
936 2789 1116 2865 respondit:

166 2890 340 2950 ‘Sacrificio
360 2891 442 2966 haec,
464 2909 542 2968 quae
563 2911 581 2950 a
603 2889 691 2950 uobis
711 2889 886 2949 redduntur
903 2888 1114 2961 daemonibus,

162 3011 222 3050 nec
243 2990 385 3050 auxiliari
404 2989 550 3051 subiectis
567 2992 706 3067 possunt,
725 3009 781 3048 neo
800 2988 1042 3065 supplicantium
1057 2985 1117 3045 sibi

163 3089 318 3150 desideria
339 3090 390 3150 uel
410 3093 484 3150 uota
503 3089 653 3166 conplere.
698 3087 782 3162 Quin
800 3087 907 3162 immo,
929 3086 1117 3163 quicumque

164 3189 217 3250 his
253 3187 402 3248 sacrificia
435 3187 610 3248 simulacris
641 3185 796 3260 obtulerit,
834 3189 976 3246 aeternas
1003 3184 1118 3244 inferni

166 3307 285 3366 poenas
305 3307 360 3364 pro
381 3287 521 3347 mercede
542 3286 688 3363 recipiet'

207 3385 272 3446 His
298 3385 420 3460 auditis,
444 3385 535 3444 iudex
565 3385 665 3444 nimio
691 3384 796 3444 furore
823 3385 1006 3454 commotus,
1034 3381 1118 3440 caedi

166 3487 312 3546 unctum
328 3483 387 3543 Dei
406 3483 612 3544 confessorem
629 3503 648 3543 a
668 3482 839 3544 tortoribus
856 3480 1018 3558 praecepit,
1033 3483 1120 3540 autu·

167 3603 260 3644 mans
282 3603 316 3642 se
338 3581 526 3657 uerberibus,
549 3601 643 3658 quem
665 3581 770 3641 uerbis
791 3600 855 3640 non
875 3582 1002 3656 poterat,
1020 3578 1120 3639 cordis

167 3683 236 3742 sius
249 3679 393 3742 emollire
413 3680 627 3740 constantiam.
673 3679 734 3754 Qui
754 3699 825 3739 cum
843 3677 1007 3738 tormentis
1025 3677 1121 3736 affice-

169 3785 254 3842 retur
282 3778 448 3855 acerrimis,
479 3779 632 3856 patienter
658 3778 734 3838 haec
761 3797 818 3855 pro
845 3777 990 3852 Domino,
1021 3777 1120 3836 immo

267 3928 275 3956 ¹
294 3941 537 3992 quom...aoom.
550 3925 591 3978 N'.
692 3925 826 3976 'ailus
920 3924 1022 3974 ’etia

622 4026 669 4068 02
